3086 4822
549 335 887 480 [ruouocus]¹
1003 293 1009 306 ⁸

151 501 156 510 ’
222 515 331 586 NNO
342 516 441 583 xxiii.
457 518 548 603 regni
564 520 650 604 regis
661 517 798 586 lienrici
813 519 949 586 secundi
964 541 1040 588 cunr
1056 521 1206 588 sederem
1220 521 1264 588 ad
1278 538 1303 588 Α

269 621 454 688 fenestram
476 622 611 706 specula
632 644 699 708 que
720 633 771 689 est
790 623 886 690 iuxta
905 623 1042 691 fluuium
1065 624 1264 692 Tamensern

153 725 284 792 iactum
311 735 364 792 est
393 725 534 792 verbum
563 727 710 794 hominis
739 727 773 792 in
799 726 926 812 impetu
951 728 1116 814 loquentis
1141 730 1186 796 ad
1212 749 1266 794 me

154 828 271 895 dioens
288 829 473 915 ‘Magister
488 850 599 896 nonne
614 830 722 916 legisti
738 832 829 915 quod
845 832 879 898 in
894 832 1029 899 scientia
1042 833 1095 900 vel
1110 831 1265 900 thesauro

155 932 361 1000 abscondito
389 932 484 998 nulla
513 934 556 998 sit
583 931 752 1000 utilitas?'
807 933 870 1001 Cui
906 955 983 1002 cum
1020 935 1293 1019 respondissem

157 1034 287 1121 ‘Legi,'
311 1035 424 1102 statim
452 1035 574 1103 intulit.
619 1035 708 1104 ‘Cur
733 1057 813 1122 ergo
838 1038 1008 1106 scientim
1034 1041 1079 1106 de
1103 1039 1265 1104 scaccario

156 1159 229 1223 que
244 1159 348 1223 penes
362 1149 397 1205 te
412 1137 555 1223 plurima
572 1159 645 1206 esse
662 1139 783 1206 dicitur
796 1141 881 1208 alios
899 1161 966 1208 non
981 1141 1081 1208 doces
1096 1151 1131 1208 et
1145 1161 1189 1208 ne
1202 1141 1264 1207 tibi

157 1243 398 1310 commoriatur
418 1243 543 1327 scripto
562 1243 795 1311 commendas?
839 1245 929 1312 Tum
947 1265 1021 1331 ego,
1038 1245 1148 1312 ‘Ecce
1165 1244 1265 1310 irater

158 1347 205 1412 ad
226 1347 430 1412 scaccarium
449 1345 516 1410 iam
535 1367 596 1431 per
615 1347 721 1414 multa
740 1356 893 1432 tempora
913 1347 1063 1416 resedisti
1081 1356 1115 1414 et
1133 1348 1216 1413 nihil
1230 1357 1265 1415 te

158 1449 246 1516 latet
267 1469 344 1515 curn
367 1449 578 1535 scmpulosus
599 1451 654 1516 sis.
699 1449 755 1519 Sic
776 1463 812 1520 et
833 1453 877 1518 de
898 1453 1015 1519 ceteris
1038 1451 1095 1536 qui
1117 1452 1264 1518 assident
1279 1478 1311 1516 ιο

158 1553 339 1638 probabile
361 1551 431 1619 est’
477 1553 528 1622 At
553 1554 618 1633 ille,
644 1552 757 1621 ‘Sicut
782 1555 839 1640 qui
865 1556 898 1620 in
922 1555 1068 1622 tenebris
1091 1557 1265 1623 ambulant

158 1667 193 1723 et
210 1656 365 1723 manibus
379 1657 519 1742 palpant
533 1657 721 1744 frequenter
735 1658 918 1740 offendunt,
931 1660 977 1726 sic
992 1659 1059 1724 illic
1074 1659 1172 1727 multi
1186 1660 1264 1724 resi-

158 1762 243 1826 dent
263 1762 322 1845 qui
335 1760 485 1828 videntes
506 1782 572 1829 non
586 1762 701 1828 vident
718 1773 755 1829 et
766 1764 947 1830 audientes
967 1783 1033 1829 non
1054 1762 1265 1850 intelligunt!

156 1863 251 1930 Tum
274 1883 348 1949 ego,
370 1864 612 1933 ‘Irreuerenter
635 1866 788 1950 loqueris,
810 1886 872 1954 nec
898 1865 987 1932 enirn
1013 1867 1149 1934 scientia
1171 1876 1265 1933 tanta

157 1977 213 2036 eat
223 1969 276 2034 vel
291 1971 335 2035 de
349 1969 472 2048 tantis3
494 1977 544 2035 set
559 1969 644 2035 sorte
658 1979 736 2036 sunt
750 1970 826 2049 illis,
836 1970 894 2056 qui
910 1990 1032 2057 magna
1047 1979 1264 2055 aucupantur,
1278 2001 1308 2054 ¹5
1391 1977 1395 1984 '

156 2073 262 2140 corda
277 2083 315 2138 ut
329 2073 431 2158 pedes
446 2073 556 2157 aquile
568 2074 624 2158 qui
638 2093 741 2159 parua
756 2095 822 2140 non
838 2073 980 2140 retinent
994 2082 1029 2140 et
1043 2093 1128 2158 quos
1141 2093 1263 2160 magna

156 2195 228 2242 non
243 2173 425 2263 effugiunt'
463 2177 510 2244 Et
526 2177 590 2258 ille,
601 2183 610 2213 ⁴
620 2178 714 2260 Esto,
729 2187 779 2244 set
792 2177 871 2245 licet
884 2178 995 2262 aquile
1009 2178 1128 2245 celsius
1142 2178 1263 2258 volent,

156 2291 275 2348 tamen
302 2281 336 2345 in
361 2280 541 2348 humilibus
570 2281 746 2367 quiescunt
775 2292 811 2348 et
839 2279 1036 2362 reficiuntur,
1061 2291 1096 2348 et
1125 2283 1172 2348 ob
1199 2282 1264 2349 hoc

158 2382 301 2448 humilia
313 2383 409 2448 nobis
419 2383 546 2468 exponi
558 2385 703 2470 petimus
718 2385 798 2472 ipsis
812 2384 931 2468 aquilis
946 2383 1134 2471 profutura!
1171 2385 1261 2452 Turn

157 2505 237 2571 ego,
257 2485 410 2552 ‘Veritus
432 2507 506 2553 sum
528 2489 571 2555 de
592 2488 654 2555 hiis
677 2489 775 2555 rebus
796 2509 882 2573 opus
902 2497 1081 2556 contexere
1102 2508 1169 2572 que
1190 2507 1262 2554 cor·
1277 2521 1308 2558 ιο

158 2591 271 2676 porcis
289 2591 442 2658 sensibus
462 2592 611 2659 subiecta
631 2602 760 2659 suntet
778 2592 952 2660 cotidianis
965 2593 1078 2658 usibus
1092 2591 1264 2672 vilescunt,

162 2715 226 2762 nec
247 2703 300 2760 est
320 2694 375 2761 vel
396 2713 470 2761 esse
491 2703 604 2781 potest
626 2697 659 2762 in
682 2697 730 2762 eis
755 2696 926 2763 subtilium
954 2713 1062 2761 rerum
1088 2693 1265 2778 descriptio

160 2799 218 2865 vd
239 2797 385 2864 iocunda
405 2799 564 2866 nouitatis
586 2799 754 2867 iuuentio.'
798 2800 845 2867 Et
867 2799 933 2882 ille,
952 2797 1039 2883 ‘Qui
1061 2798 1265 2864 nouitatibua

161 2903 322 2987 gaudent,
352 2902 410 2986 qui
442 2902 612 2969 subtilium
649 2924 759 2970 rerum
794 2904 907 2988 sugam
939 2912 1112 2987 appetunt,
1140 2900 1265 2968 habent

162 3005 376 3072 Aristotilern
399 3015 433 3071 et
455 3005 555 3071 libros
579 3006 776 3086 Platonicos,
795 3008 933 3074 audiant
955 3005 1038 3071 illos.
1080 3004 1135 3070 Tu
1158 3005 1264 3072 scribe
1277 3001 1307 3104 {3⁵

160 3129 229 3176 non
258 3109 395 3177 subtilia
420 3117 472 3175 set
495 3108 611 3177 utilia’
652 3110 743 3205 Turn
770 3131 845 3196 ego,
869 3111 944 3178 ‘De
965 3109 1028 3175 hiis
1053 3109 1152 3176 rebus
1180 3129 1263 3194 quas

160 3215 251 3300 petis
265 3213 470 3300 impossibile
483 3223 535 3279 est
550 3214 612 3280 nisi
627 3215 793 3281 rusticano
807 3233 959 3280 sermone
977 3223 1012 3280 et
1031 3213 1263 3280 communibus

160 3315 254 3401 loqui
267 3313 398 3383 verbis!
441 3315 492 3381 At
513 3317 569 3384 ille
584 3318 676 3384 velut
696 3337 873 3385 succensus
894 3318 927 3382 in
949 3318 1041 3397 iram,
1063 3316 1261 3384 desideranti

162 3420 253 3486 enim
269 3420 382 3486 animo
396 3420 476 3486 nihil
492 3421 573 3486 satis
587 3420 769 3499 festinatur,
782 3422 839 3516 ait,
858 3419 1011 3487 ‘Artium
1025 3420 1200 3507 scriptores
1220 3441 1261 3486 ne

162 3523 270 3590 multa
290 3543 409 3607 parum
432 3523 533 3592 scisse
551 3523 742 3591 viderentur
762 3534 797 3590 et
819 3534 857 3590 ut
874 3545 927 3592 ars
946 3523 1107 3590 diffieilior
1125 3526 1261 3611 cognitu
1275 3561 1308 3612 30
1352 3593 1358 3603 ,

162 3625 267 3704 fieret,
289 3627 395 3694 multa
417 3627 663 3712 conquisierunt
683 3636 719 3695 et
739 3627 850 3694 verbis
875 3627 1052 3712 incognitis
1077 3628 1292 3722 palliarent!

159 3731 215 3798 Tu
241 3731 449 3798 scribendam
473 3741 580 3798 artem
606 3751 675 3798 non
701 3730 840 3815 suscipis
863 3741 916 3797 set
939 3733 1100 3817 quasdam
1124 3751 1262 3798 consue-

160 3835 293 3903 tudines
312 3845 349 3901 et
367 3835 441 3900 iura
459 3835 623 3917 scaccarii,
637 3855 703 3921 que
723 3836 802 3921 quia
824 3836 1013 3902 communia
1033 3836 1159 3904 debent
1181 3855 1263 3916 esse,

199 3990 249 4047 1-6
269 3990 358 4046 Anno
386 4027 394 4044 .
419 4026 427 4044 .
451 4027 458 4043 .
484 3986 632 4044 scientiam
655 3988 720 4044 adel.
743 3987 792 4044 N¹
897 4043 900 4050 ,
931 3987 1080 4062 7dicitur]
1103 3990 1207 4046 debere
1230 3991 1268 4044 N

161 4073 242 4130 to,11
259 4057 513 4143 Sic-..probabile
521 4059 786 4118 estdeleur‘thorr.
873 4073 904 4116 ιι
920 4060 1206 4116 SicutdececerisC:
1226 4060 1263 4116 de

156 4131 258 4192 ceteris
273 4131 387 4187 dam
405 4129 430 4185 C
447 4145 519 4198 cm.
640 4143 671 4202 ις
690 4139 867 4202 aucupantur
881 4132 940 4186 scn'
979 4133 1063 4186 arus:
1090 4139 1263 4212 occupantur

155 4205 257 4264 CNR'
366 4199 631 4272 rononparuac
754 4201 885 4271 rovobir
1061 4199 1264 4269 asampteR

150 4269 1072 4398 294.6o,l.2[sc1;ipAtorecne...uibusloquimuraddN¹
1142 4281 1263 4340 32rero

146 4340 419 4410 mnibendam
503 4341 673 4412 ltsslectim
722 4341 949 4398 adsimilare
