3096 4832
101 324 202 418 urs]
450 329 517 396 DE
541 327 818 400 SCACCARIO
1121 346 1182 421 135

99 495 201 562 herede
219 497 276 581 qui
296 497 365 564 iam
386 497 520 565 adultus
539 499 593 580 sit,
608 521 675 566 non
696 501 877 568 secundum
899 502 1115 570 constitutam
1137 505 1181 570 de

99 599 148 666 hiis
168 623 333 668 summam
359 603 431 688 regi
459 603 639 670 satisfaciet
664 614 716 671 set
740 607 922 672 secundum
946 608 1037 690 quod
1059 629 1081 673 a
1102 627 1180 692 rege

98 707 203 788 poterit
232 707 393 789 optinere.
450 705 551 791 Quod
582 708 610 772 si
641 710 749 774 minor
778 718 867 775 etate
893 710 997 776 fuerit
1023 711 1119 777 heres
1145 713 1180 778 in

99 810 231 874 custodia
248 809 450 878 constitutus
464 810 662 895 legittimam
680 822 806 879 etatem
823 814 1078 898 prestolabitur;
1100 824 1180 882 tunc

98 921 192 978 autern
217 913 270 980 vel
299 917 411 999 gratis,
437 915 522 982 sicut
550 916 679 980 dictum
704 927 764 994 est,
786 917 838 984 vel
869 919 1050 984 secundum
1080 917 1208 1000 bene-5

98 1015 240 1098 placitum
262 1018 361 1104 regis,
376 1019 462 1084 sicut
480 1018 614 1085 adultus
628 1019 848 1086 hereditatem
867 1033 1043 1106 paternam
1066 1024 1178 1088 nanci-

97 1129 199 1186 scetur.
237 1121 275 1187 Si
288 1143 368 1187 vero
383 1123 559 1189 decesserit
568 1123 643 1208 quis
658 1134 775 1190 tenens
793 1134 874 1190 tunc
889 1128 933 1193 de
948 1145 1026 1210 rege
1042 1125 1179 1191 feodum

97 1224 204 1303 militis,
218 1245 285 1290 non
302 1226 438 1309 quidem
458 1229 587 1293 ratione
601 1248 723 1294 corone
741 1232 840 1313 regie,
855 1239 907 1296 set
922 1229 1035 1314 potius
1052 1230 1179 1295 ratione

97 1325 217 1394 baronis
230 1329 417 1410 cuiuslibet,
430 1349 496 1414 que
509 1330 630 1414 quouis
644 1351 723 1399 casu
739 1333 773 1398 in
790 1352 926 1400 manum
941 1333 1028 1418 regis
1043 1333 1179 1418 delapsa

97 1442 145 1511 est,
158 1433 238 1498 sicut
252 1443 305 1498 est
325 1433 536 1520 episcopatus
553 1447 694 1502 vacante
713 1438 804 1515 sede,
823 1435 918 1502 heres
935 1437 1003 1502 iam
1022 1437 1178 1515 defuncti,
1193 1463 1226 1502 m

98 1537 118 1598 si
136 1535 264 1603 adultus
286 1549 347 1614 est,
363 1558 426 1622 pro
449 1538 548 1607 feodo
570 1538 684 1606 militis
706 1561 734 1608 c,
752 1540 879 1607 solidos
901 1542 1097 1619 numerabit,
1115 1561 1179 1626 pro

98 1639 211 1705 duobus
230 1661 266 1706 x.
284 1643 394 1722 libras,
415 1653 450 1710 et
468 1643 515 1710 ita
533 1644 701 1729 deinceps,
717 1644 814 1710 iuxta
832 1665 1006 1709 numerum
1024 1644 1179 1725 militurn,

97 1761 168 1825 quos
185 1745 319 1810 domino
338 1747 499 1812 debuerat
517 1758 696 1833 antequam
718 1749 762 1813 ad
782 1746 898 1813 fiscum
919 1746 1078 1814 deuolute
1092 1746 1179 1814 foret

98 1845 253 1916 hereditas.
298 1850 400 1936 Quod
422 1852 450 1917 si
473 1852 580 1918 minor
597 1855 695 1919 aunis
717 1852 812 1917 heres
834 1851 967 1918 relictus
988 1851 1178 1936 fueritque

98 1951 133 2014 de
154 1951 334 2021 hereditate
357 1955 430 2022 eius
458 1955 666 2040 proueniunt,
695 1955 823 2021 ratione
852 1957 1002 2023 custodie
1027 1965 1177 2042 tempore
1192 1979 1223 2038 ¹5

97 2053 250 2138 pupillaris
264 2059 361 2124 etatis
376 2059 457 2125 fisco
468 2062 675 2145 prouenient,
687 2059 773 2124 sicut
787 2059 914 2125 dictum
929 2070 989 2126 est.
1027 2060 1177 2126 Relictus

98 2167 193 2226 autem
214 2184 234 2227 a
255 2173 351 2248 patre
372 2164 440 2229 iam
461 2165 595 2230 adultus
618 2184 680 2249 pro
698 2163 836 2248 singulis
857 2163 964 2228 leodis
983 2164 1126 2231 militum
1148 2185 1175 2231 c.

98 2261 337 2346 solidossoluet,
353 2265 521 2333 ueletiam
543 2268 649 2344 inlra;
671 2267 735 2332 hoc
752 2275 804 2332 est
823 2265 843 2330 l.
862 2266 987 2332 solidos
1002 2269 1029 2333 si
1047 2269 1176 2336 dimidii

98 2366 195 2434 militis
215 2369 349 2436 feodum
371 2371 553 2456 possederit
575 2379 610 2436 et
631 2371 677 2436 sic
696 2369 865 2456 deinceps.
913 2371 985 2437 Nec
1015 2380 1050 2435 te
1074 2371 1177 2438 lateat

98 2473 173 2549 quod
200 2475 267 2540 eius
293 2495 395 2559 quem
418 2475 451 2540 in
470 2475 628 2552 ¹custodia
653 2495 713 2560 per
738 2475 867 2559 aliquot
892 2495 998 2540 annos
1021 2475 1176 2541 habueris
1192 2506 1225 2542 ιο

98 2581 125 2636 et
146 2579 354 2659 possessionis
376 2578 447 2645 eius
471 2582 623 2656 fructum,
648 2599 723 2646 cum
753 2581 798 2644 ad
827 2588 950 2644 etatem
976 2578 1177 2662 legittimam

96 2683 276 2761 peruenerit,
291 2682 452 2749 releuium
466 2692 615 2767 repetere
629 2703 696 2748 non
713 2680 851 2747 valebis.

130 2781 321 2868 Descrpulus.
364 2785 404 2850 In
420 2784 482 2852 bac
496 2793 591 2872 parte
603 2807 664 2870 pro
679 2785 812 2870 pupillis
825 2785 883 2850 lex
898 2783 1025 2851 iudicat
1039 2795 1073 2851 et
1087 2787 1177 2870 quod
1190 2805 1211 2854 F

96 2883 149 2963 piis
163 2890 326 2955 mentibus
341 2890 425 2954 bene
440 2890 543 2965 sedet,
559 2889 713 2955 decernit.

128 2989 296 3075 Magister.
342 2991 398 3059 Sic
413 3000 473 3075 est,
487 3001 540 3058 set
550 2994 594 3058 de
607 2992 786 3077 propositis
800 3011 1046 3076 prosequamur.
1090 2992 1176 3058 Item
1191 3017 1223 3070 ²⁵

96 3101 135 3156 est
149 3103 180 3159 et
194 3097 326 3162 tertium
342 3116 447 3180 genus
461 3097 686 3164 excidentium
704 3096 757 3162 vel
767 3105 972 3162 escaetarum
987 3095 1078 3180 quod
1097 3095 1177 3163 fisco

95 3202 229 3276 prouenit
255 3201 325 3266 iure
350 3209 522 3286 perpetuo.
577 3199 663 3266 Cum
687 3199 805 3284 aliquis
830 3201 874 3265 de
896 3219 975 3284 rege
1001 3209 1118 3266 tenens
1141 3201 1176 3266 in

94 3299 198 3382 capite,
211 3303 392 3389 perpetrati
410 3302 541 3370 sceleris
556 3304 618 3370 sibi
638 3306 799 3383 conscius,
813 3304 884 3369 siue
903 3305 946 3370 sit
961 3304 991 3368 ei
1008 3305 1176 3372 obiectum

94 3402 153 3470 siue
171 3426 244 3488 non,
266 3407 388 3474 relictis
410 3417 522 3473 tamen
545 3407 698 3473 omnibus
721 3407 913 3491 perfugam
935 3408 1003 3474 vite
1024 3408 1176 3488 consulit,

94 3507 138 3570 vel
155 3511 180 3573 si
200 3531 300 3595 super
321 3511 440 3578 eodem
462 3511 595 3577 obiecto
617 3512 790 3576 conuictus
810 3511 863 3576 vel
885 3512 1067 3592 consessus,
1088 3521 1177 3578 terra
1189 3533 1225 3586 aa

95 3610 179 3676 simul
206 3625 240 3680 et
269 3615 340 3680 vita
368 3615 533 3680 iudicatur
562 3615 737 3698 indignus;
774 3616 895 3692 omnia,
924 3636 990 3699 que
1016 3618 1069 3682 sui
1098 3617 1177 3682 iuris

95 3708 216 3800 fuerant,
239 3739 322 3784 mox
348 3719 539 3784 infiscantur
561 3728 595 3784 et
622 3718 772 3784 redditus
795 3740 912 3784 omnes
938 3741 1049 3786 annuo
1073 3719 1177 3785 immo

96 3825 123 3880 et
135 3829 288 3904 perpetuo
303 3823 374 3886 iure
384 3823 429 3888 ad
439 3821 640 3888 scaccarium
655 3821 882 3888 avicecomite
891 3824 1131 3906 persoluuntur,
1142 3832 1177 3888 et

95 3926 171 4000 quod
199 3946 245 3990 ex
273 3924 452 3995 mobilibus
475 3947 589 3992 eorum
614 3926 757 3992 venditis
785 3927 950 4010 prouenit,
976 3927 1046 4010 regi
1076 3928 1176 3998 cedit,

124 4137 154 4179 10
164 4129 415 4198 prsusestomm
487 4143 519 4198 13
538 4129 708 4186 dominusC
783 4143 874 4200 13,14
891 4125 1176 4210 ioretbereditas..·.

94 4195 192 4255 relictus
203 4217 256 4254 om.
266 4201 304 4255 Ν
367 4213 399 4269 17
417 4209 513 4256 autem
525 4219 576 4256 om.
589 4203 618 4256 R
684 4201 717 4256 18
729 4201 819 4272 pn'ur
829 4199 936 4255 solidos
948 4216 999 4254 one
1011 4196 1072 4250 NR
1138 4195 1175 4266 st]

94 4267 171 4320 setN
253 4271 448 4328 arfurturnR
537 4271 755 4342 eaperoenitR
832 4267 1018 4349 a3etom5R
1094 4267 1179 4335 ader

95 4336 203 4410 tertium]
216 4339 393 4400 interdumR
482 4355 517 4416 29
535 4358 657 4398 nodone
670 4343 698 4397 R
779 4355 821 4416 34
839 4335 1099 4410 regicedrtmN
