3096 4832
334 332 376 416 98
703 329 770 398 DE
793 327 1068 398 SCACCARIO
1287 325 1316 418 [1
1329 328 1386 394 viii
1402 341 1436 394 n

333 497 530 575 factumest
554 519 591 574 vt
615 507 706 594 quod
733 506 898 574 indultum
928 515 979 574 eet
1002 505 1161 590 patribus,
1177 502 1219 570 'et
1240 525 1327 572 nunc
1356 525 1435 590 per·

333 623 461 678 seueret
477 613 509 678 in
525 608 685 696 posteria’
730 612 848 679 Simile
865 621 978 678 autem
993 611 1070 678 huic
1083 609 1208 694 aliquid
1227 611 1436 694 temponhus

334 717 500 784 modernis
515 738 577 784 nos
591 719 711 784 vidisse
730 717 947 796 meminimus,
962 717 1052 801 quod
1068 725 1177 780 tractu
1192 715 1350 800 temporis
1366 715 1436 780 sub

332 821 495 886 consimili
515 823 691 888 verborum
711 831 827 888 tenore
843 821 907 886 hiis
924 820 983 904 qui
1001 818 1130 886 absolui
1147 821 1324 886 meruerint
1340 839 1436 884 corn-

304 926 513 1010 tputabitur.
574 925 725 1012 Precepit
751 944 895 1010 namque
920 924 1077 990 dominus
1103 944 1164 988 rex
1188 925 1352 990 Henricus
1377 945 1434 992 se-

331 1032 459 1097 cundus
473 1031 507 1095 in
527 1031 669 1098 termino
685 1030 791 1097 sancti
811 1029 985 1096 Michaelis
1003 1029 1109 1093 xxiiii.
1127 1029 1204 1094 anni
1222 1030 1313 1114 regni
1327 1029 1377 1094 sui
1391 1041 1436 1096 vt

332 1134 454 1200 milites
465 1134 597 1218 Templi
612 1145 647 1200 et
658 1134 774 1200 fratres
792 1131 977 1218 Hospitalis
993 1144 1026 1198 et
1038 1133 1190 1198 monachi
1207 1130 1436 1200 Cisterciensis

331 1239 466 1319 ordinis,
491 1241 613 1322 quibus
635 1258 695 1324 per
715 1245 808 1304 carte
824 1257 885 1303 sue
906 1236 1094 1302 libertatem
1114 1234 1215 1320 longe
1238 1246 1316 1302 ante
1336 1237 1436 1320 quie·

329 1343 472 1408 tantiam
502 1343 684 1408 indulserat
712 1343 862 1407 omnium
899 1361 964 1424 que
995 1343 1040 1406 ad
1071 1342 1225 1418 denarios
1254 1341 1435 1424 pertinent,

286 1457 474 1532 inexcepta
490 1447 614 1512 iustitia
629 1447 746 1513 mortis
761 1457 796 1512 et
811 1447 1044 1525 membrorum,
1059 1445 1183 1511 amodo
1197 1446 1301 1529 quieti
1316 1458 1435 1513 essent

330 1554 374 1619 de
399 1553 463 1618 hiis
489 1551 642 1617 omnibus
662 1571 728 1636 que
745 1550 789 1615 ad
815 1549 970 1616 denarios
992 1569 1052 1633 per
1078 1549 1227 1635 singulos
1251 1551 1433 1617 comitatus

329 1656 542 1740 pertinerent,
568 1655 654 1720 adeo
675 1663 712 1720 vt
734 1655 778 1718 de
799 1666 912 1720 cetero
934 1663 1041 1719 cartas
1063 1673 1139 1719 suas
1161 1655 1204 1718 ad
1226 1654 1430 1720 scaccarium

329 1759 455 1825 deferre
476 1779 542 1824 non
561 1766 762 1843 cogerentur.
809 1757 887 1824 Hoc
905 1757 992 1823 enim
1012 1758 1102 1842 regie
1123 1757 1258 1840 pietatis
1279 1759 1431 1824 decreuit

328 1865 516 1944 auctoritas,
537 1872 575 1929 vt
604 1864 651 1930 sic
679 1862 782 1928 semel
812 1861 976 1928 baronum
1002 1861 1263 1926 consideratione
1292 1863 1335 1927 de
1362 1862 1431 1928 hiis

285 1993 315 2047 1⁵
328 1967 484 2033 omnibus
499 1968 737 2052 expedirentur
750 1987 758 2046 ;
778 1986 821 2030 ne
835 1967 892 2050 qui
902 1967 945 2032 ad
956 1965 1084 2052 frugem
1093 1966 1159 2033 vite
1168 1967 1310 2031 melioris
1319 1975 1430 2033 trans-

329 2071 437 2136 ierunt
451 2082 486 2136 et
508 2071 712 2137 orationibus
728 2071 840 2155 potius
858 2091 975 2137 vacare
990 2079 1153 2150 tenentur,
1168 2072 1211 2136 ad
1225 2071 1428 2138 scaccarium

301 2194 315 2246 1
327 2184 464 2259 propter
489 2175 553 2242 hoc
574 2195 649 2241 curn
671 2177 770 2240 cartis
792 2175 860 2240 suis
884 2175 1034 2240 inutilem
1057 2185 1090 2241 et
1112 2176 1274 2242 tediosam
1297 2196 1428 2242 moram

327 2277 435 2345 iacere
464 2279 714 2364 compellantur.
775 2279 924 2346 Consilio
963 2280 1063 2366 igitur
1091 2289 1126 2346 et
1163 2281 1429 2348 consideratione

327 2383 487 2449 baronum
512 2385 570 2466 qui
596 2381 964 2450 interfuerunt-iactum
986 2394 1038 2450 est
1063 2385 1164 2450 breue
1188 2385 1312 2450 domini
1338 2387 1429 2469 regis

283 2486 390 2552 assub
404 2486 468 2554 hoc
482 2497 598 2552 tenore
615 2485 757 2553 ‘Clamo
774 2488 906 2573 quietos
920 2488 1041 2555 milites
1056 2488 1189 2573 Templi
1206 2489 1249 2553 de
1262 2511 1293 2554 v.
1307 2490 1428 2556 marcis

326 2611 392 2676 que
407 2591 586 2675 exiguntur
600 2591 644 2656 ab
655 2590 846 2658 hominihus
860 2611 974 2658 eorum
989 2612 1049 2676 pro
1064 2591 1204 2668 deiectu,
1215 2601 1251 2656 et
1265 2593 1429 2677 prohibeo

326 2715 369 2762 ne
391 2697 513 2762 amodo
534 2694 578 2759 ab
597 2694 676 2780 ipsis
697 2693 751 2760 vel
773 2695 961 2761 hominibus
982 2716 1096 2762 eorum
1115 2694 1168 2761 vel
1187 2696 1282 2778 terris
1299 2697 1427 2782 aliquid
1546 2679 1547 2710 .

326 2801 482 2886 exigatur
494 2797 548 2864 vel
563 2798 714 2883 capiatur
724 2799 816 2883 quod
828 2800 872 2865 ad
882 2801 1035 2866 denarios
1049 2801 1223 2887 pertineat.
1267 2801 1428 2868 Testibus

328 2903 393 2968 hiis
408 2903 473 2970 ibi.'
518 2902 573 2969 Sic
589 2912 625 2969 et
639 2902 798 2968 iratribus
814 2903 1004 2988 Hospitalis
1018 2916 1052 2971 et
1070 2904 1242 2970 monachis
1256 2907 1425 2988 predictis.

281 3033 312 3087 ¹5
328 3007 439 3074 Huius
452 3017 565 3074 autem
577 3006 776 3074 auctoritate
791 3009 938 3074 mandati
950 3011 1074 3076 amodo
1088 3029 1148 3093 per
1158 3008 1306 3092 singulos
1322 3012 1425 3076 comi-

326 3118 415 3176 tatus
439 3113 481 3177 de
502 3111 655 3178 omnibus
677 3131 742 3206 que
771 3111 815 3176 ad
840 3111 993 3177 denarios
1017 3113 1183 3197 pertinent
1200 3113 1304 3196 quieti
1327 3125 1426 3181 erunt

328 3215 376 3280 sic
395 3222 433 3279 vt
445 3215 576 3280 dicatur
590 3215 623 3278 in
638 3213 750 3280 annali
772 3215 833 3278 ‘ln
850 3217 1004 3300 perdonis
1019 3237 1079 3302 per
1098 3216 1200 3282 breue
1222 3218 1326 3304 regis‚'
1340 3218 1423 3284 illud
1544 3257 1545 3310 3

324 3317 448 3382 scilicet
462 3317 554 3383 cuius
568 3338 667 3402 supra
682 3319 900 3384 meminimus.
1109 3395 1114 3404 ,
1544 3313 1545 3353 l

368 3420 565 3503 Discipulus.
596 3419 687 3486 Satis
699 3421 848 3489 intellexi
858 3425 948 3508 quod
960 3425 1163 3503 dictumest3
1178 3427 1306 3516 nuncsi
1314 3425 1426 3511 placet

281 3556 314 3610 3⁰
328 3527 410 3610 quid
432 3526 476 3590 sit
490 3525 685 3608 scutagium,
696 3527 868 3592 murdrum
888 3529 942 3593 vel
964 3529 1188 3614 danegeldum
1208 3531 1335 3614 aperire
1355 3553 1425 3597 nou

331 3629 471 3693 differas.
516 3627 662 3693 Barbara
683 3629 817 3711 quidem
841 3651 912 3698 esse
934 3633 1086 3700 videntur
1107 3645 1159 3700 set
1180 3655 1220 3699 eo
1243 3636 1348 3720 magis
1370 3655 1426 3700 me

324 3731 503 3798 sollicitant
517 3730 608 3815 quod
623 3732 668 3797 ab
683 3730 744 3796 hiis
759 3735 841 3802 dicis
855 3735 978 3802 liberos
993 3757 1065 3802 esse
1079 3738 1233 3804 scaccarii
1245 3738 1425 3805 ministros.

230 3825 311 3975 [¹¹
366 3836 542 3918 Magister.
586 3835 642 3902 Fit
671 3835 836 3904 interdum
866 3850 906 3905 vt
933 3840 1127 3907 imminente
1154 3842 1207 3906 vel
1233 3841 1425 3926 insurgente
1542 3871 1543 3874 ¹

231 4028 234 4041 Ι
324 3942 356 4006 in
379 3961 515 4025 regnum
535 3940 679 4009 hostium
696 3942 950 4022 machinatione,
966 3944 1123 4010 decernat
1145 3965 1207 4010 rex
1230 3945 1272 4011 de
1285 3945 1425 4029 singulis

359 4061 635 4132 5HenricusrerrC
704 4077 734 4119 11
755 4064 803 4136 qui
815 4063 876 4118 NR
948 4079 979 4135 13
999 4063 1193 4122 decreueritC
1263 4079 1295 4134 19
1314 4065 1424 4122 domini
1541 4117 1542 4140 ,

322 4134 414 4189 oncc
493 4147 525 4188 ar
546 4133 725 4191 omnibusN
808 4147 841 4204 25
860 4143 954 4191 autem
966 4137 1060 4192 ΜΚ
1148 4149 1182 4204 ²7
1201 4136 1284 4192 sicvt
1299 4137 1325 4192 C
1333 4153 1425 4192 com:

321 4213 351 4259 vt
364 4203 444 4260 sicC
514 4217 548 4273 29
561 4221 614 4259 nec
627 4205 653 4260 R
723 4220 758 4276 ³0
770 4209 838 4278 port
849 4205 1004 4275 scutagium
1022 4207 1088 4262 add.
1099 4207 1208 4279 aperire
1219 4209 1248 4262 R
1309 4222 1341 4279 31
1363 4208 1424 4276 mel

321 4275 490 4412 1³15}leema
490 4273 652 4402 tsgnliblgros
664 4277 764 4334 esseC
863 4276 1425 4352 33velinapostmathinetionepoali
