3096 4832
118 315 175 368 ιι
191 296 231 393 ιι]
490 302 558 370 ne
581 301 856 375 scaccaruo
1184 319 1225 388 99

118 475 227 542 leodis
242 475 388 542 militum
409 496 575 542 summam
593 475 740 560 aliquam
759 475 853 552 solui.
870 474 1161 542 marcam'scilicet
1174 475 1227 540 vel
1301 521 1305 555 ,

117 577 241 646 libram
265 581 489 661 vnarn,vnde
514 580 675 645 militibus
700 579 867 664 stipendia
888 577 940 644 vel
968 581 1128 645 donatiua
1150 598 1228 650 suc·
1302 585 1303 592 ’

116 685 255 750 cedant.
314 683 448 750 Mauult
467 685 557 750 enim
578 685 732 768 princeps
752 684 973 768 stipendarios
989 702 1091 767 quam
1107 683 1224 749 dome·

115 789 221 854 sticos
241 787 372 854 bellicis
391 799 563 873 opponere
585 788 724 853 casibus
770 788 844 854 Hec
863 789 977 871 itaque
994 807 1135 866 summa,
1148 787 1228 870 quia

115 893 258 958 nomine
271 901 442 958 scutorum
457 892 607 972 soluitur,
621 892 806 975 scutagium
826 899 1044 975 nuncupatur.
1087 890 1147 956 Ab
1161 890 1224 955 hac
1239 916 1254 968 5
1281 896 1287 977 ,³

114 1005 235 1062 autem
251 997 356 1080 quieti
370 999 507 1062 suntad
523 997 723 1063 scaccarium
739 996 930 1062 residentes.
1246 984 1282 1037 ν)

161 1101 269 1167 Porro
298 1102 472 1166 murdrum
501 1101 633 1184 proprie
660 1100 779 1166 dicitur
808 1121 898 1166 mors
927 1097 1065 1164 alicuius
1094 1087 1264 1201 occulta}

113 1206 214 1270 cuius
230 1205 422 1272 interfector
436 1205 614 1292 ignoratur.
661 1205 835 1270 Murdrum
853 1204 942 1269 enim
960 1203 1050 1268 idem
1069 1209 1120 1266 est
1134 1203 1224 1285 quod

113 1308 353 1376 absconditum
367 1308 422 1374 vel
437 1309 614 1376 occultum.
661 1308 701 1374 In
716 1309 886 1394 primitiuo
900 1308 1013 1391 itaque
1027 1304 1118 1389 regni
1133 1315 1223 1370 statu

112 1423 199 1500 post
223 1411 500 1497 conquisitionem
527 1414 585 1496 qui
612 1413 717 1478 relicti
744 1411 873 1478 fuerant
896 1411 940 1477 de
966 1408 1118 1494 Angiicis
1143 1408 1270 1472 sub-10

111 1518 214 1592 actis,
236 1516 270 1581 in
291 1527 482 1601 suspectam
503 1526 538 1582 et
558 1536 697 1582 exosam
715 1516 779 1581 sibi
798 1516 1068 1581 Normannorum
1088 1521 1222 1596 gentem

111 1621 262 1686 latenter
276 1620 450 1704 ponebant
465 1619 608 1700 insidias,
623 1629 658 1686 et
676 1621 799 1705 passim
818 1620 908 1703 ipsos
929 1618 962 1682 in
982 1616 1173 1682 nemoribus
1187 1623 1223 1680 et

112 1725 201 1792 locis
216 1726 362 1805 remotis,
377 1733 476 1790 nacta
490 1724 751 1808 opportunitate,
766 1722 916 1789 clanculo
931 1721 1136 1806 iugulabant.
1181 1719 1222 1784 In

111 1849 260 1914 quorum
280 1829 406 1895 vitione
432 1849 509 1894 cum
531 1849 627 1914 reges
649 1837 684 1894 et
706 1847 821 1894 eorum
847 1827 989 1892 ministri
1014 1844 1074 1911 per
1094 1823 1221 1908 aliquot

111 1953 225 2000 annos
252 1933 430 2016 exquisitis
459 1943 703 2000 tormentorum
724 1931 901 2016 generibus
922 1931 956 1995 in
977 1929 1141 2014 Anglicos
1157 1928 1220 1994 ‘de-
1236 1947 1265 2000 1⁵

110 2039 271 2116 seuirmt,
286 2057 348 2104 nec
365 2047 479 2103 tamen
496 2039 544 2102 sic
563 2037 699 2103 omnino
721 2036 930 2111 desisterent,
945 2035 980 2099 in
999 2032 1065 2100 boc
1083 2033 1220 2098 tandem

111 2141 314 2209 deuolutum
336 2152 388 2208 est
409 2141 593 2221 consilium,
619 2150 657 2207 vt
679 2139 869 2218 centuriata,
886 2159 988 2223 quarn
1010 2137 1220 2204 hundredum

112 2246 242 2324 dicunt,
275 2247 310 2312 in
339 2266 407 2330 qua
435 2247 483 2312 sic
512 2245 704 2312 interiectus
737 2243 952 2309 Normannus
981 2241 1220 2317 inueniebatur,

111 2351 206 2435 quod
222 2349 340 2417 mortis
360 2349 429 2415 eius
448 2349 596 2414 minister
610 2369 676 2415 non
697 2348 844 2429 extabat,
859 2367 920 2412 nec
939 2366 999 2432 per
1015 2344 1129 2428 lugam
1143 2345 1219 2428 quis

110 2463 203 2520 esset
218 2453 368 2537 patebat,
383 2455 416 2518 in
431 2472 597 2518 summam
618 2453 779 2536 grandem
795 2450 924 2537 argenti
941 2448 1122 2514 examinati
1137 2447 1218 2511 fisco
1234 2475 1265 2514 ro

110 2557 438 2640 condempnaretur3
460 2557 605 2641 quedam
625 2557 751 2623 scilicet
767 2557 801 2621 in
815 2555 927 2620 xxxvi
945 2553 1056 2631 libras,
1072 2551 1217 2634 quedam

110 2663 149 2726 in
174 2660 264 2725 xliiii
291 2660 404 2741 libras,
426 2661 609 2727 secundum
634 2661 782 2726 locorum
808 2658 1035 2726 diuersitatem
1061 2665 1095 2721 et
1119 2655 1218 2720 inter-

109 2765 267 2830 iectionis
280 2764 512 2849 frequentiam.
557 2764 659 2848 Quod
675 2765 752 2830 ideo
768 2763 893 2830 iactum
905 2762 1032 2840 dicunt,
1044 2769 1082 2825 vt
1093 2757 1217 2824 scilicet

111 2887 202 2951 pena
222 2866 422 2952 generaliter
435 2867 561 2935 inflicta
582 2869 844 2954 pretereuntium
867 2865 1119 2932 indemnitatem
1141 2882 1217 2946 pro·

110 2983 254 3052 curaret,
269 2980 305 3038 et
324 2972 498 3039 festinaret
518 2973 661 3057 quisque
682 2982 814 3040 tantum
833 2971 950 3056 punire
971 2968 1141 3047 delictum,
1163 2965 1216 3032 vel
1231 2993 1262 3046 ²5

110 3076 232 3142 offerre
248 3075 368 3142 iudicio
383 3097 558 3163 perquem
574 3087 643 3144 tam
658 3077 804 3144 enormis
819 3077 945 3142 iactura
958 3083 1066 3140 totam
1082 3071 1216 3139 ledebat

109 3181 279 3246 viciniam.
322 3179 382 3247 Ab
395 3182 523 3262 horum,
537 3191 575 3248 vt
589 3174 806 3266 prediximus,
820 3181 987 3248 solutione
1003 3179 1158 3245 sedentes
1172 3178 1217 3244 ad

108 3285 266 3351 tabulam
281 3285 402 3353 liberos
417 3305 570 3352 noueras.

153 3388 358 3474 Danaum.
402 3389 576 3475 Numquid
597 3411 659 3475 pro
677 3389 813 3456 murdro
833 3389 932 3456 debet
950 3387 1106 3474 imputari
1123 3387 1215 3456 cian-

111 3495 246 3561 destina
260 3514 351 3560 mors
363 3494 501 3579 Anglici
515 3495 601 3560 sicut
617 3490 825 3560 Normanni?
1228 3511 1261 3563 30

155 3597 336 3682 Μαξύων.
379 3598 416 3664 Α
435 3599 544 3684 prima
558 3597 765 3663 institutione
784 3617 850 3663 non
868 3597 969 3663 debet
984 3595 1071 3662 sicut
1084 3594 1216 3674 audisti,

111 3711 165 3770 set
178 3703 245 3768 iam
260 3701 529 3770 cohabitantibus
544 3699 696 3787 Anglieis
711 3711 746 3768 et
762 3701 963 3768 Normannis
977 3710 1013 3766 et
1027 3700 1214 3766 alternatim
1227 3711 1249 3763 B

110 3827 235 3872 uxores
244 3806 445 3872 ducentibus
455 3805 508 3898 vel
518 3805 728 3894 nubentibus,
739 3805 786 3870 sic
796 3805 961 3890 permixte
972 3814 1050 3871 sunt
1063 3804 1215 3871 nationes

109 3921 148 3976 rt
161 3911 221 3976 vix
235 3910 371 3977 decerni
385 3911 491 3996 possit
506 3895 619 3989 bodie,
633 3910 676 3977 de
692 3908 802 3975 liberis
822 3908 948 3992 loquor,
962 3907 1035 3992 quis
1049 3905 1215 3990 Anglicus

108 4015 185 4100 quis
200 4015 416 4081 Normannus
437 4013 481 4080 sit
495 4033 637 4098 genere;
663 4014 813 4098 exceptis
828 4014 1006 4079 dumtaxat
1025 4009 1214 4094 ascriptitiis
1227 4021 1258 4074 aa

107 4118 169 4204 qui
194 4118 310 4185 villani
334 4117 497 4197 dicuntur,
524 4116 644 4201 quibus
666 4137 732 4184 non
758 4125 809 4184 est
830 4116 981 4196 liberum,
1002 4110 1213 4181 obstantibus

157 4253 173 4294 a
190 4235 279 4313 vnde]
292 4253 379 4292 vnum
390 4236 419 4292 R
531 4236 566 4294 16
584 4234 625 4308 in]
637 4236 723 4294 etiam
735 4237 764 4292 R
869 4249 905 4305 ³0
911 4237 980 4312 post
990 4232 1062 4292 sicut
1072 4229 1137 4287 add.
1149 4237 1178 4286 et
1191 4225 1218 4287 C

106 4323 143 4381 3²
161 4308 326 4368 alternatim
337 4308 517 4379 smpn'nrus:
535 4307 698 4365 alterutrum
711 4307 790 4365 codd.
