3096 4832
122 302 239 396 uns]
471 297 538 372 'or
560 302 836 376 scnccnruo
1137 317 1198 398 131

121 479 157 542 ad
178 477 269 544 aliam
291 476 588 544 summonitionem
611 478 862 562 promerebitur.
907 477 1087 564 oporteret
1110 479 1200 547 euim

121 582 202 646 scribi
215 583 248 647 in
262 581 374 648 rotulo
388 583 440 646 ‘in
455 582 611 668 perdonis
625 602 686 666 per
699 584 801 648 breue
816 583 902 668 regis
917 583 963 650 illi
978 585 1023 651 N.
1039 608 1066 652 c
1081 583 1201 666 libras,'

120 695 160 751 set
172 687 244 771 quia
263 705 332 751 non
346 685 479 751 videtur
492 687 627 752 omuino
641 687 814 752 dimissum
829 689 920 770 quod
936 690 1085 755 noudum
1096 699 1148 756 est
1164 689 1199 753 in

119 787 197 854 breui
210 808 412 875 expressum,
426 799 565 872 cogetur
581 790 609 854 is
627 787 734 855 multo
751 789 864 856 labore
882 811 1018 876 querere
1035 812 1094 876 per
1107 793 1199 876 quod

118 904 264 960 mereatur
278 891 418 960 absolui.
466 893 558 978 Ergo
571 893 608 958 ,iu
621 893 685 959 hiis
698 893 707 924 ‘
718 914 785 960 uon
802 915 963 979 expressa
976 895 1134 980 fatigant!
1212 927 1227 978 5

152 996 341 1081 Ducebatur.
387 997 491 1064 Salua
511 997 553 1063 sit
575 998 759 1064 reuerentia
780 999 977 1083 presidentis
999 1008 1033 1064 et
1053 999 1200 1065 assiden-

117 1099 198 1181 tium,
210 1101 261 1166 hic
279 1122 348 1168 nou
362 1101 494 1168 videtur
508 1122 568 1186 per
582 1102 694 1169 omnia
709 1103 797 1186 regis
813 1104 972 1168 mandato
986 1101 1198 1170 satisfactum.

116 1203 178 1269 Nec
191 1206 275 1272 enirn
289 1205 422 1289 quietus
442 1214 494 1270 est
507 1226 608 1288 quem
627 1208 776 1290 quietum
791 1227 864 1273 esse
881 1207 1060 1286 mandauit,
1074 1207 1199 1274 addens

116 1309 204 1374 etiarn
218 1331 352 1376 causam
366 1330 428 1394 pro
441 1330 509 1394 qua
523 1310 588 1377 sibi
602 1313 786 1378 tenebatur.

150 1413 317 1497 Magister.
364 1413 473 1481 Immo
494 1415 588 1480 salua
601 1415 647 1481 sit
664 1417 697 1481 in
717 1416 780 1482 hiis
800 1414 992 1500 scrupulose
1006 1415 1126 1482 mentis
1142 1423 1200 1484 tue
1213 1442 1245 1480 ιο

116 1517 283 1583 subtilitas:
298 1537 395 1584 nosse
405 1519 542 1600 quidem
551 1519 714 1585 debueras
725 1520 817 1603 quod
827 1521 858 1586 ei
868 1520 926 1604 qui
937 1521 1010 1604 lege
1019 1519 1198 1604 plurimum

115 1619 226 1705 indiget
250 1623 322 1688 eius
346 1621 536 1706 ignorantia
563 1641 630 1686 non
660 1620 825 1690 subuenit.
871 1624 905 1690 ls
934 1643 1016 1706 ergo
1042 1623 1099 1707 qui
1128 1625 1198 1712 regi

115 1731 229 1790 tenetur
254 1724 398 1809 qualiter
418 1726 463 1791 ab
489 1725 554 1790 hoc
580 1725 708 1792 absolui
731 1728 828 1812 plene
852 1727 968 1813 possit,
990 1726 1053 1792 hoc
1075 1738 1127 1793 est
1148 1748 1198 1798 ue-

114 1829 244 1894 cuudurn
277 1829 388 1913 legem
418 1829 463 1894 de
489 1828 554 1895 hiis
587 1831 812 1910 constitutam,
841 1832 1016 1916 diligenter
1044 1829 1198 1915 inquirat.

114 1928 243 2014 Quodsi
262 1953 330 1998 nou
348 1932 470 2014 lecerit,
489 1953 554 1999 uon
575 1933 755 2018 presidenti
773 1943 826 2000 set
845 1934 908 2000 sibi
928 1935 1085 2020 imputet.
1124 1933 1156 1999 N
1159 1956 1196 2002 ec
1213 1968 1242 2019 15

113 2033 189 2100 eninr
212 2036 289 2103 licet
317 2036 498 2120 presidenti
524 2037 570 2103 ab
598 2058 650 2118 eo,
676 2037 767 2121 quod
795 2037 915 2104 detulit
944 2039 978 2103 iu
1001 2037 1233 2120 breui,iots13

114 2149 236 2206 mutare.
282 2139 368 2205 Cum
385 2159 465 2224 ergo
485 2160 545 2224 per
560 2141 626 2206 hoe
645 2142 777 2226 quietus
796 2161 865 2208 nou
882 2140 934 2220 sit,
950 2138 1086 2209 festinet
1104 2145 1196 2227 quod

113 2244 236 2325 expedit
251 2244 439 2328 impetrare.

147 2345 338 2431 Dr'scrpulus.
383 2346 493 2414 Cerno
515 2347 604 2432 quod
630 2349 693 2414 hec
719 2347 866 2414 maxime
891 2358 1028 2433 propter
1048 2349 1112 2416 hoc
1136 2350 1197 2417 ob·

112 2460 270 2515 seruantur
294 2459 334 2516 vt
357 2451 520 2536 scripture
545 2451 645 2517 rotuli
673 2470 740 2517 nou
765 2448 999 2534 obloquantur.
1043 2451 1106 2520 Set
1127 2453 1194 2520 iam
1211 2483 1242 2520 ιο

112 2569 187 2618 nuuc
201 2573 400 2638 prosequere
414 2552 457 2619 de
472 2553 600 2622 ceteris.

147 2655 317 2740 Magister.
363 2656 449 2724 Cum
472 2657 574 2742 igitur
600 2657 713 2726 omnia
733 2656 855 2724 luerint
875 2665 1036 2723 annotata
1055 2677 1121 2744 que
1141 2659 1196 2726 vel

110 2761 275 2826 constituta
289 2770 376 2838 sunt,
390 2760 444 2827 vel
459 2781 520 2845 per
537 2761 652 2828 breuia
668 2761 755 2847 regis
775 2762 827 2826 vel
843 2782 903 2846 per
922 2763 1196 2828 cousuetudinem

111 2863 246 2929 scaccarii
258 2865 495 2950 computanda,
506 2865 553 2930 sic
564 2875 741 2949 compotus
750 2866 842 2931 velut
853 2865 992 2932 inlectus
1003 2863 1195 2950 relinquitur

111 2973 142 3028 et
153 2969 191 3032 ad
205 2968 269 3034 alia
283 2977 526 3035 conuertuntur.
580 2968 612 3034 N
615 2990 652 3036 ec
668 2971 756 3035 euim
775 2977 783 3006 ‘
797 2979 831 3035 et
845 2969 980 3054 quietus
992 2967 1059 3036 est'
1074 2969 1128 3035 vel
1143 2974 1196 3037 ‘et
1209 2999 1239 3050 2⁵

111 3065 218 3135 debet'
237 3073 270 3137 iu
289 3072 402 3138 annali
421 3073 591 3152 scribetur,
606 3092 665 3158 per
687 3093 754 3157 que
775 3073 900 3140 scilicet
918 3083 1096 3157 compotus
1115 3093 1194 3138 con·

110 3185 279 3241 summatus
295 3175 425 3258 dicitur,
439 3178 547 3244 donec
563 3177 606 3242 de
626 3177 780 3243 omuibus
803 3178 916 3261 quein
936 3179 1195 3245 summonitione

110 3277 303 3345 continentur
331 3280 536 3350 satisfecerit.
594 3279 697 3347 Cuius
719 3280 767 3346 rei
788 3301 889 3347 causa
910 3281 991 3347 satis
1011 3301 1056 3347 ex
1076 3303 1194 3349 conse·

110 3381 273 3459 questibus
302 3382 428 3468 liquere
456 3384 590 3467 poterit.
648 3383 729 3450 Post
757 3393 952 3470 compotum
980 3385 1024 3452 de
1055 3406 1194 3471 corpore

108 3483 281 3562 comitatus,
296 3486 360 3551 hoc
376 3497 428 3552 est
447 3489 491 3553 de
512 3486 685 3572 principali
705 3486 809 3566 firma,
824 3487 882 3572 qui
901 3487 986 3554 sicut
1006 3491 1193 3574 predictum
1208 3505 1240 3556 30

108 3595 152 3650 est
163 3607 263 3674 usque
279 3589 314 3654 in
330 3588 429 3655 finem
445 3588 586 3657 infectus
600 3590 801 3675 relinquitur,
816 3600 894 3676 post
910 3592 1078 3658 modicum
1094 3593 1195 3659 inter·

107 3689 222 3758 surium
243 3694 380 3777 ponitur
401 3704 578 3779 compotus
601 3695 645 3760 de
665 3695 768 3760 veteri
790 3693 886 3760 firma
907 3696 1107 3762 comitatus:
1129 3696 1194 3760 hoc

109 3803 151 3856 est
164 3813 226 3878 que
238 3817 319 3863 casu
334 3797 449 3881 aliquo
464 3800 507 3864 de
520 3818 608 3863 auno
623 3798 782 3882 preterito
793 3807 1007 3876 remanserat,
1019 3799 1066 3864 ita
1080 3807 1194 3864 tamen

108 3894 323 3966 sivtcecomes
340 3903 399 3986 qui
415 3909 495 3968 tunc
514 3901 712 3968 ministrsuit
730 3910 877 3968 mutatus
896 3902 1003 3968 suerit.
1048 3901 1194 3984 Quodsi

108 3994 185 4066 idem
213 4014 403 4090 perseuerat
432 4006 534 4071 etiarn
564 4006 629 4072 hoc
657 4025 758 4084 anno,
786 4007 830 4071 de
860 4005 965 4071 veteri
990 4003 1086 4069 firma
1114 4012 1193 4068 aute
1207 4019 1238 4070 ³5

108 4097 286 4174 inchoatum
316 4117 512 4193 compotum
539 4109 583 4176 de
608 4129 698 4178 noua
725 4108 926 4186 satisfaciet3
958 4115 994 4173 et
1018 4105 1193 4190 diligenter

107 4261 339 4403 diffisi
354 4260 490 4402 3⁰⁰2}
500 4261 628 4403 ,¹132ng
650 4251 1030 4405 ¹⁹}g‘qffif1'queqtdebet]
1043 4254 1197 4316 debente
