3096 4832
323 302 366 373 92
692 287 759 352 nn
783 285 1058 354 scaccario
1292 283 1322 371 [1
1337 285 1382 352 vn
1400 299 1427 352 n

324 461 449 526 dictum
472 455 643 524 ostiarium
665 456 893 523 liberationem
916 455 1086 541 percipere
1106 475 1184 521 cum
1206 455 1279 520 aliis
1301 455 1429 522 officia·
1535 447 1536 450 ’

323 563 423 638 libus,
446 573 481 628 et
503 561 579 627 ideo
606 561 725 628 merito
747 559 885 646 requiris
907 559 989 645 quid
1015 558 1058 626 sit
1083 559 1155 626 eius
1176 559 1330 626 officium.
1361 559 1432 624 Est
1535 573 1536 652 j

325 675 436 732 autem
459 664 659 730 huiusmodi.

371 763 505 831 Ostium
523 765 643 830 domus
662 762 751 829 illius
771 763 806 828 in
826 783 893 849 qua
912 763 1111 830 scaccarium
1129 762 1253 828 residet
1274 763 1431 829 ostiarius
1535 807 1536 842 3

297 867 384 940 stlte
404 868 496 935 solus
509 868 581 934 sine
596 877 748 934 consorte
766 867 921 950 custodit,
939 867 1001 933 nisi
1017 887 1094 932 cum
1114 867 1158 934 de
1176 869 1279 933 domo
1296 867 1433 953 propria

328 973 510 1038 seruientes
532 973 671 1038 assumit
693 970 728 1037 in
749 991 833 1037 onus
862 969 961 1036 officii
982 972 1042 1037 sui
1086 971 1330 1038 Nichilominus
1352 990 1431 1036 cus-
1535 967 1536 1010 ἶ

330 1077 418 1143 todit
444 1076 534 1142 idem
559 1076 682 1142 ostium
708 1073 846 1142 thalami
869 1083 1069 1142 secretorum
1092 1075 1149 1160 qui
1171 1073 1351 1141 collocatus
1377 1084 1434 1140 est
1535 1095 1536 1168 j

329 1179 425 1246 iuxta
453 1180 592 1246 domurn
621 1179 678 1247 vbi
707 1180 908 1246 scaccarium
937 1191 998 1247 est.
1056 1178 1116 1244 Ad
1144 1178 1233 1244 hunc
1268 1179 1434 1245 accedunt

293 1285 471 1352 rbarones
497 1303 573 1348 curn
597 1283 795 1368 proponitur
821 1285 869 1350 eis
890 1285 1029 1350 verbum
1051 1282 1245 1367 ambiguum
1272 1282 1315 1348 ad
1339 1302 1434 1348 scac-

283 1413 314 1454 ιο
329 1389 454 1454 carium
476 1387 519 1454 de
540 1408 608 1472 quo
629 1385 759 1454 malunt
780 1406 929 1454 seorsum
949 1397 1092 1455 tractare
1114 1405 1215 1471 quam
1238 1387 1272 1451 in
1294 1385 1434 1452 auribus

332 1493 492 1560 omnium.
538 1490 691 1556 Maxime
705 1500 818 1557 autem
837 1500 973 1577 propter
986 1491 1051 1558 hoc
1064 1491 1099 1556 in
1118 1500 1247 1576 partem
1262 1490 1436 1570 secedunt,
1535 1535 1536 1540 η

332 1617 376 1663 ne
397 1595 545 1681 compoti
567 1595 624 1680 qui
647 1594 691 1659 ad
714 1597 912 1663 scaccarium
936 1595 1021 1662 fiunt
1042 1597 1289 1681 impediantur;
1309 1595 1434 1678 quibus

334 1719 462 1766 moram
488 1698 683 1765 facientibus
710 1699 744 1762 in
777 1699 923 1765 consiliis
944 1711 1121 1767 consuetus
1151 1719 1265 1766 cursus
1294 1719 1435 1782 compo-
1535 1747 1536 1774 ,

331 1812 441 1870 torum
453 1803 571 1890 agitur.
616 1801 654 1869 Si
665 1801 746 1886 quid
757 1823 835 1869 vero
844 1813 960 1869 natum
973 1803 1071 1871 suerit
1081 1804 1262 1891 questionis
1272 1802 1434 1869 reseretur
1535 1871 1536 1878 ,

285 1933 316 1988 ¹5
332 1909 375 1974 ad
390 1928 458 1974 eos.
504 1907 662 1972 Liberum
683 1907 785 1972 etiam
804 1918 854 1975 cst
873 1909 1010 1976 ostiario
1029 1919 1065 1974 vt
1085 1909 1287 1995 quibuslibet
1310 1927 1435 1992 magne

332 2011 540 2078 auctoritatis
557 2011 636 2078 viris
655 2012 699 2078 ad
718 2012 783 2077 hoc
802 2033 886 2097 opus
905 2033 972 2078 non
993 2012 1182 2080 necessariis
1201 2013 1338 2096 impune
1359 2032 1434 2095 pre·

330 2113 446 2181 cludat
467 2115 598 2182 aditum
619 2135 695 2181 cum
718 2115 880 2196 voluerit3
910 2117 989 2182 solis
1010 2138 1088 2184 vero
1110 2117 1173 2182 hiis
1199 2117 1256 2201 qui
1274 2117 1318 2182 ad
1341 2135 1433 2182 scac-
1517 2203 1523 2214 .

337 2221 462 2286 carium
478 2238 522 2283 ex
537 2219 647 2286 officio
661 2218 715 2285 vel
729 2240 774 2285 ex
789 2220 874 2304 regis
890 2222 1046 2288 mandato
1060 2221 1213 2302 resident,
1228 2219 1434 2286 voluntarius
1535 2229 1536 2236 ’

335 2332 432 2410 patet
443 2324 610 2408 ingressus
619 2323 653 2388 in
662 2331 840 2408 utrumque
851 2324 1044 2393 thalamum.
1095 2323 1197 2409 Quod
1208 2325 1237 2391 si
1247 2326 1435 2390 auctentice
1535 2329 1536 2382 i

224 2456 226 2464 ·
286 2460 318 2498 ιο
336 2440 414 2495 sunt
433 2447 581 2514 persone,
596 2449 680 2512 quas
701 2428 910 2512 singulariter
930 2429 1081 2496 incedere
1103 2448 1171 2496 uon
1193 2439 1243 2494 est
1266 2429 1435 2507 idoneum,
1535 2427 1536 2502 1

330 2555 438 2600 vnum
453 2533 506 2599 vel
519 2536 604 2600 duos
625 2532 832 2599 introducere
849 2542 1005 2618 poterunt
1020 2534 1054 2599 in
1073 2533 1273 2600 exteriorem
1293 2534 1435 2598 domum

333 2639 505 2716 scaccarii3
534 2639 592 2704 sed
623 2638 658 2702 in
680 2637 866 2704 thalamum
897 2648 1098 2704 secretorum
1127 2636 1190 2702 soli
1216 2637 1357 2704 maiores
1388 2637 1435 2701 in·
1535 2621 1536 2636 ¹

341 2752 485 2826 troeunt,
506 2742 624 2809 ceteris
639 2742 782 2807 exclusis
798 2743 860 2807 nisi
876 2763 951 2808 cum
966 2743 1010 2808 ad
1025 2741 1172 2828 quelibet
1194 2741 1287 2826 regia
1301 2742 1436 2825 negotia
1535 2721 1536 2756 ἰ

336 2846 503 2932 explenda
528 2868 550 2912 a
571 2844 715 2912 dominis
740 2845 808 2911 suis
832 2855 1003 2912 vocantur.
1049 2845 1136 2911 Item
1158 2844 1312 2910 ostiarius
1332 2843 1436 2909 factas
1535 2923 1536 2940 χ

288 2979 319 3030 ²5
339 2952 614 3018 summonitiones
643 2960 678 3016 et
706 2951 852 3034 signatas
881 2971 903 3015 a
933 2949 1126 3016 marescallo
1155 2947 1303 3033 suscipit,
1325 2947 1435 3013 soluto
1535 2949 1536 2954 ’

337 3054 502 3122 scaccario
518 3053 603 3119 illius
615 3053 758 3134 termini,
768 3063 802 3120 et
813 3053 847 3118 in
863 3053 997 3138 propria
1009 3073 1149 3145 persona
1159 3051 1213 3117 vel
1229 3049 1435 3136 perfidelem

334 3160 491 3224 nuncium
502 3179 562 3242 per
576 3157 748 3244 Angliam,
759 3159 843 3223 sicut
858 3157 1085 3241 supradictum
1101 3166 1162 3237 est,
1173 3155 1308 3220 easdem
1319 3151 1436 3253 defert.

337 3261 402 3325 Hic
418 3263 519 3327 etiam
535 3283 580 3326 ex
600 3263 761 3330 mandato
778 3262 975 3347 presidentis
996 3270 1159 3326 conuocat
1176 3260 1211 3323 in
1231 3258 1435 3342 presentiam

335 3363 405 3428 eius
425 3365 636 3432 vicecomites
658 3366 716 3448 qui
738 3375 836 3432 extra
859 3365 998 3430 domum
1020 3364 1277 3446 circumquaque
1298 3359 1436 3444 dispersi

289 3495 322 3545 3⁰
338 3476 415 3532 sunt
436 3487 513 3533 cum
534 3468 712 3552 indiguerit
733 3469 808 3534 illis.
854 3470 942 3535 Item
964 3469 1009 3535 ad
1035 3466 1124 3533 hunc
1146 3467 1289 3551 pertinet
1313 3475 1350 3531 vt
1372 3464 1437 3528 sol·

336 3569 447 3638 licitus
469 3573 514 3637 sit
540 3573 627 3638 circa
649 3573 777 3640 minuta
802 3571 950 3659 quelibet
977 3571 1247 3652 necessariaque
1274 3569 1309 3634 in
1335 3569 1436 3634 domo

337 3676 491 3742 scaccarii
520 3685 607 3754 sunt,
633 3675 725 3742 velut
753 3678 797 3742 ad
823 3677 1002 3742 stemenda
1030 3685 1064 3742 et
1089 3674 1297 3760 preparanda
1323 3672 1436 3739 sedilia

336 3779 424 3846 circa
442 3781 640 3846 scaccarium
657 3789 691 3846 et
708 3780 908 3847 huiusmodi.
954 3779 1011 3844 Ex
1030 3779 1197 3866 predictis,
1210 3786 1248 3842 vt
1262 3777 1436 3856 credimus,

335 3883 379 3948 de
394 3881 509 3950 officiis
529 3883 678 3948 omnium
692 3882 750 3968 qui
764 3885 806 3950 ad
828 3883 1029 3951 scaccarium
1048 3883 1191 3951 resident
1210 3881 1272 3948 nbi
1286 3889 1437 3946 constare

374 4111 386 4154 1
407 4095 604 4153 officiabilibus
616 4095 645 4150 R
709 4108 724 4167 ς
744 4095 781 4152 de
793 4093 890 4222 domo}
903 4094 989 4151 demo
1002 4093 1040 4148 N
1096 4094 1113 4150 8
1131 4091 1284 4164 accedunt]
1296 4093 1401 4176 cedunt
1415 4092 1437 4148 C

338 4181 372 4308 ig
384 4167 543 4364 irrrejeardud’c
576 4164 752 4302 agosssq1Cab
764 4166 819 4300 Rati
836 4181 868 4294 et1
876 4165 1233 4306 onzoxmmagxporirns'wctia
1276 4163 1438 4306 mlginttig

337 4325 389 4363 om.
