3052 4830
563 293 722 363 NOTES
1130 315 1189 412 2⁴11

90 463 172 543 quod
187 464 387 528 obtinebimus
407 460 478 526 eos!
524 484 537 524 ι
555 463 651 530 Mace.
666 466 757 543 viii5
778 465 994 529 ‘oontriuerunt
1014 468 1045 527 in
1065 468 1143 531 bello
1164 480 1193 532 et

90 565 282 625 obtinuerunt
295 560 366 624 eos!

133 662 164 723 Ρ.
185 667 256 734 118,
274 661 295 723 l.
316 679 364 739 31.
385 665 520 724 clauum
539 677 649 734 posse.
691 661 736 724 Cl.
760 662 904 737 Donatus,
933 664 997 724 Vr'la
1024 665 1136 744 Vergili
1153 670 1191 742 ⁶4

91 759 221 822 ‘facilius
234 777 301 821 esse
317 758 438 820 Herculi
452 759 567 820 clanam
581 779 671 840 quam
685 759 821 823 Homero
831 781 947 824 versum
962 763 1122 841 surripere!
1137 807 1141 818 .

132 857 164 919 P.
182 863 252 930 119,
265 857 285 918 l.
300 877 328 931 4.
348 861 514 920 vltionem
529 901 537 918 .
553 898 562 918 .
577 901 588 920 .
601 861 725 921 Dauid.
766 860 794 920 It
807 859 833 919 is
846 871 899 920 not
913 859 992 921 clear
1005 860 1123 922 tovhat
1136 861 1193 923 this

91 957 191 1030 relers,
211 955 347 1035 possibly
367 965 399 1017 to
419 956 468 1016 the
489 954 596 1034 charge
616 966 649 1016 to
671 956 815 1018 Solomon
835 959 1017 1036 concerning
1035 957 1112 1038 Joab
1134 961 1193 1020 and

89 1055 209 1128 Sbimei,
226 1075 245 1132 3
260 1053 336 1132 Reg.
350 1056 412 1130 ii.5
434 1052 494 1114 and
512 1055 539 1113 8.
583 1053 627 1114 Or
644 1054 666 1115 it
684 1073 754 1134 may
769 1055 808 1116 be
821 1073 840 1116 a
853 1055 995 1117 confused
1008 1057 1193 1120 recollection

88 1155 126 1215 oi
134 1155 184 1214 the
197 1151 312 1214 suicide
325 1152 361 1212 of
370 1151 537 1229 Abitophel.
610 1163 612 1166 ·
656 1155 660 1164 “
840 1157 845 1166 ’

170 1251 235 1328 ir.
255 1253 374 1312 inueni
395 1295 404 1311 .
427 1291 437 1310 .
458 1291 468 1312 .
488 1266 621 1312 meum:
648 1250 686 1312 cl.
707 1249 781 1311 Acts
801 1251 860 1311 xiii.
882 1270 919 1312 aa
943 1253 1060 1314 ‘inueni
1085 1253 1191 1328 Dauid,

90 1351 183 1412 lilium
196 1351 289 1421 Iesse,
304 1349 399 1408 virum
412 1347 577 1408 secundum
590 1367 644 1410 cor
657 1350 775 1409 meum!
901 1357 904 1370 '
1006 1353 1009 1366 '

172 1448 191 1508 l.
210 1466 258 1507 ra.
279 1450 430 1508 vinatst
443 1447 568 1518 proles.
610 1446 685 1507 This
696 1465 821 1526 passage
834 1449 1006 1529 containing
1014 1467 1055 1511 no
1069 1449 1192 1513 allusion

88 1559 120 1608 to
133 1547 185 1606 tbe
205 1544 295 1607 death
315 1543 350 1606 ol
366 1544 415 1605 the
435 1561 537 1623 young
558 1543 662 1624 Henry
674 1563 734 1606 vas
754 1547 942 1624 presumably
962 1550 1073 1610 written
1094 1550 1193 1613 before

88 1646 160 1727 July
176 1647 265 1721 1183.
1199 1637 1202 1644 ‘

172 1745 255 1818 [14.
276 1745 359 1816 qnia
377 1745 452 1804 nati
475 1748 556 1803 sunt
578 1785 586 1802 .
606 1787 615 1804 .
639 1783 648 1803 .
669 1747 822 1806 rebelles.
881 1742 926 1804 Cl.
952 1744 1040 1825 Verg.
1061 1746 1132 1810 Aer.
1155 1751 1191 1808 vi.

89 1847 257 1920 851-32—

215 1939 265 2000 Tu
284 1956 388 2017 regere
408 1937 532 2017 imperio
552 1937 685 2017 populos,
707 1937 853 2013 Romane,
874 1949 1041 2016 memento;

215 2038 283 2098 Hae
303 2037 354 2097 tibi
374 2046 459 2097 erunt
479 2046 574 2110 artes3
603 2037 742 2114 pacisque
763 2037 913 2115 imponere
933 2055 1055 2114 morem,

216 2135 338 2198 Parcere
351 2135 495 2208 subiectis,
508 2143 538 2195 et
552 2134 693 2195 debellare
708 2135 858 2212 superbos.

172 2236 257 2296 l18.
286 2237 443 2296 libellum
470 2235 569 2294 onina
672 2235 907 2295 meminimus:
941 2234 979 2296 ci.
1002 2236 1027 2296 1.
1048 2255 1075 2296 v.
1098 2237 1136 2300 Ο.
1160 2238 1192 2298 P.

86 2337 195 2398 above.
653 2337 657 2346 '

172 2433 192 2493 l
213 2451 260 2493 ar.
280 2431 553 2502 aedessenum
573 2431 611 2488 in
630 2445 693 2490 sex
711 2436 837 2502 partes.
888 2429 962 2492 This
981 2433 1072 2493 refers
1091 2443 1122 2495 to
1143 2433 1193 2494 the

86 2531 217 2594 division
236 2529 271 2592 oi
287 2528 426 2608 Englsnd
443 2529 507 2589 into
528 2523 653 2606 ‘Eyres'
674 2537 704 2586 at
725 2526 774 2588 the
792 2529 907 2589 council
921 2529 957 2589 ol
973 2519 1198 2610 Northarnpton¹

85 2633 156 2711 Jan.
173 2644 221 2705 25,
238 2629 326 2709 1173.
366 2628 395 2688 A
409 2627 587 2705 subsequent
605 2625 728 2686 division
746 2625 808 2686 into
823 2625 889 2687 iour
902 2627 1018 2689 circuits
1032 2645 1092 2689 was
1105 2629 1192 2689 made

86 2735 122 2790 in
134 2727 220 2806 April
237 2740 315 2802 1179
331 2723 426 2807 (Lieb.
439 2724 521 2784 Er'rrl.
535 2742 564 2802 p.
583 2743 629 2797 ro,
644 2722 784 2785 Benedici
796 2725 821 2785 1.
838 2723 920 2806 ²39)-

172 2829 278 2888 eleoti
307 2827 439 2886 indioea
475 2840 562 2896 qnos
595 2829 747 2884 mantea
788 2839 960 2885 vocamus.
1010 2820 1057 2883 Ci.
1091 2822 1194 2884 Ioann.

87 2925 199 2986 Sarisb.
216 2924 415 2996 Polycrair'cur
433 2940 459 2980 v.
476 2941 502 2982 c.
519 2940 565 2980 xv.
581 2917 655 3002 [576
670 2920 706 2994 C,
719 2922 766 2981 ed
783 2919 919 3005 Migne];
944 2920 1047 2996 ‘Quae
1067 2939 1136 2982 vero
1155 2920 1192 2981 de

86 3023 274 3102 praesidibus
288 3020 409 3100 aliisque
418 3019 561 3080 iudicibus
570 3019 647 3079 dicta
661 3029 728 3080 sunt
742 3018 849 3081 debent
861 3031 891 3081 et
901 3020 979 3099 apud
993 3019 1192 3098 proconsules,

87 3141 168 3200 qnos
192 3129 336 3182 nostrates
359 3119 513 3197 vulgariter
540 3117 642 3178 dicunt
665 3119 794 3200 riertr'trbe
809 3137 873 3180 esse
898 3127 1033 3193 oranter,
1055 3117 1206 3180 obtinere.

87 3221 129 3280 Et
144 3237 256 3282 nomen
276 3217 396 3298 quidem
416 3216 529 3288 erroris,
544 3215 597 3277 etsi
614 3233 676 3275 non
695 3215 802 3290 officio,
822 3220 956 3296 personis
976 3229 1074 3278 tamen
1091 3237 1194 3279 eorum

89 3318 232 3380 conuenit
244 3317 296 3397 qui
310 3327 411 3378 euntes
421 3325 490 3394 post
503 3313 756 3392 concupiscentias
769 3333 837 3376 suas
850 3317 881 3376 in
895 3327 1007 3378 sectatu
1018 3317 1156 3378 auaritiae
1165 3327 1195 3377 et

89 3415 321 3496 depraedatione
341 3414 527 3494 popularium
545 3431 564 3473 a
582 3411 695 3474 tramite
715 3415 867 3491 aequitatis
885 3417 1029 3476 aberrant.
1078 3414 1197 3477 Debent

90 3529 191 3576 autem
213 3515 312 3575 officia
324 3513 458 3574 omnium
472 3529 537 3572 esse
550 3511 684 3588 gratuita,
697 3521 728 3571 vt
741 3511 811 3572 nihl
824 3513 896 3574 vltra
910 3522 1049 3575 statutum
1064 3513 1196 3592 exigatur

90 3614 146 3675 sed
159 3631 215 3674 nec
229 3611 392 3690 recipiatur.
427 3609 487 3671 Sed
501 3609 575 3670 forte
584 3608 656 3687 quid
671 3619 810 3670 statutum
824 3611 861 3672 sit
874 3613 999 3689 qnaeris.
1041 3611 1196 3673 Plebiscito

91 3713 259 3775 continetur
273 3728 311 3770 ne
326 3710 392 3789 quis
406 3706 575 3788 praesidum
588 3725 697 3767 munus
710 3707 861 3770 donumue
871 3719 988 3788 caperet
996 3709 1053 3770 nisi
1067 3703 1212 3771 escuerii

91 3824 157 3872 tum
177 3809 416 3889 poculentumue‚
435 3817 465 3868 et
485 3806 516 3867 id
536 3805 654 3886 quidem
674 3807 750 3867 intra
768 3808 830 3870 dies
848 3809 999 3887 proximos
1019 3809 1197 3886 prodigatur.

93 3908 185 3985 Quod
199 3918 229 3968 et
243 3907 282 3968 ad
295 3905 487 3985 proconsules
501 3905 632 3984 aliosque
648 3905 833 3983 magistratus
847 3924 884 3967 ex
898 3906 1038 3968 mandato
1055 3905 1198 3984 principio

93 4008 206 4069 transit.
249 4004 321 4066 Non
334 4023 403 4067 vero
423 4005 454 4064 in
475 4012 569 4065 totum
589 4001 698 4065 debent
718 4006 812 4065 xeniis
833 4005 986 4074 abstinere,
1002 4001 1053 4062 sed
1074 4000 1197 4060 modum

92 4095 254 4164 adimere!
296 4097 342 4158 Cl.
356 4098 426 4159 ibid.
440 4116 505 4176 cap.
519 4099 575 4159 xvi.
591 4094 664 4176 (580
679 4095 717 4169 A,
729 4097 777 4158 ed.
794 4096 921 4178 Migne).
963 4095 1030 4155 The
1043 4093 1148 4153 antbor
1165 4091 1202 4152 oi

96 4201 147 4263 the
160 4197 307 4276 Dablogur
320 4196 433 4274 usually
446 4195 547 4257 avoids
559 4196 616 4256 this
630 4195 804 4273 ambiguous
818 4193 974 4280 participle.

178 4297 198 4359 l.
215 4311 262 4374 25.
283 4296 460 4359 laboribus
473 4300 509 4356 et
522 4296 728 4368 sumptibus,
744 4294 761 4352 i.
770 4311 796 4352 e.
810 4290 858 4352 the
873 4289 985 4351 trouble
999 4286 1058 4349 and
1071 4303 1201 4365 expense
