3086 4822
114 319 206 406 ivc]
465 321 532 388 DE
556 319 829 390 scAccARio
1158 323 1200 411 69

113 501 245 576 quatuor
268 493 426 560 scaccarii
449 491 553 560 latera
578 503 722 578 quatuor
745 495 825 581 poni
849 494 965 562 sedilia
988 496 1041 562 vel
1067 517 1201 564 scannia.

113 594 162 662 Ad
177 599 284 680 capud
301 617 384 663 vero
399 598 565 678 scaccarii,
579 597 644 664 lioc
664 609 715 665 est
730 602 819 666 vnde
833 599 977 666 latitudo
996 602 1200 680 discernitur,

111 699 140 764 iii
154 703 343 768 medionon
365 701 480 768 sedilis
495 702 555 768 sed
569 702 726 770 scaccarii
737 703 829 768 locus
845 713 896 769 est
911 703 997 770 illius
1011 706 1200 791 principalis

110 803 147 868 de
164 823 232 888 quo
262 805 519 891 supradiximus
566 806 606 870 In
635 806 711 872 leua
739 807 810 873 eius
839 808 947 891 primo
974 809 1048 875 loco
1077 811 1200 876 residet

108 905 312 973 caucellaiius
342 908 473 975 ratione
501 907 599 974 oflicii
625 910 687 990 sui,
714 910 741 974 si
771 910 889 976 adesse
913 931 988 977 euin
1016 913 1228 996 contigerit,3

108 1011 285 1092 posthunc
308 1011 405 1077 miles
427 1011 597 1097 gregarius
620 1033 720 1096 quein
746 1013 1027 1079 constabularium
1050 1015 1234 1094 dicimusis

107 1123 175 1194 post
199 1113 291 1180 hunc
311 1115 382 1180 duo
402 1116 583 1192 camerarii,
608 1117 696 1200 prior
718 1126 832 1183 autem
855 1117 912 1201 qui
938 1117 1058 1182 intuitu
1082 1138 1201 1201 proue-

106 1218 208 1284 ctioris
226 1219 329 1284 etatis
341 1219 562 1286 venerabilior
579 1239 651 1286 esse
665 1221 840 1298 videbitur,
856 1230 933 1305 post
950 1221 1011 1286 lios
1030 1219 1125 1287 miles
1142 1224 1199 1306 qui

107 1321 197 1404 vulgo
212 1323 337 1388 dicitur
367 1322 589 1388 marescallus.
635 1323 828 1390 inseruntur
855 1333 970 1388 tamen
999 1325 1200 1408 quandoque

106 1424 155 1489 alii
168 1427 231 1490 hiis
244 1425 441 1493 absentibus
457 1426 511 1491 vel
526 1339 611 1493 soni
629 1427 676 1492 eis
693 1427 902 1512 presentibus
916 1427 944 1491 si
964 1435 1058 1492 tauta
1073 1426 1200 1493 scilicet
1214 1449 1245 1487 io

106 1527 195 1594 luerit
210 1530 395 1596 auctoritas
413 1550 527 1595 eorum
542 1530 601 1613 qui
616 1551 636 1596 a
651 1551 729 1614 rege
749 1531 957 1597 destinantur
971 1541 1007 1596 vt
1023 1531 1069 1596 eis
1083 1532 1201 1596 cedere

106 1633 266 1712 debeant;
290 1639 327 1697 et
347 1632 410 1700 hec
432 1643 483 1699 est
505 1633 682 1718 dispositio
703 1633 802 1719 primi
823 1632 947 1699 sedilis.
993 1633 1034 1698 In
1051 1635 1199 1699 secundo

105 1755 174 1801 vero
188 1739 280 1821 quod
298 1745 349 1802 est
364 1737 408 1802 ad
423 1737 510 1802 latiis
521 1736 738 1820 longitudinis
749 1737 901 1804 scaccarii
917 1737 951 1801 in
963 1737 1072 1822 primo
1089 1736 1201 1819 capite

107 1839 219 1907 residet
234 1839 374 1907 clericus
385 1837 439 1906 vel
453 1837 535 1906 alius
547 1841 693 1906 seruiens
704 1841 957 1908 camerariorum
970 1859 1046 1906 cuin
1059 1841 1200 1906 recautis

105 1941 162 2009 hoc
175 1953 226 2010 est
241 1963 321 2010 cuin
339 1943 551 2010 contrataleis
566 1943 610 2010 de
630 1953 773 2030 recepta,
788 1956 864 2030 post
883 1944 981 2021 hunc,
996 1943 1199 2028 interpositis
1213 1963 1243 2016 is

106 2047 302 2128 quibusdam
325 2046 383 2130 qui
413 2067 482 2115 non
514 2069 559 2114 ex
585 2047 696 2116 officio
721 2049 867 2115 resident
895 2057 947 2114 set
971 2058 1049 2114 sunt
1078 2067 1098 2113 a
1121 2068 1199 2133 rege

107 2150 200 2233 missi,
213 2152 310 2220 locus
324 2162 376 2218 est
390 2151 485 2235 quasi
500 2152 534 2217 in
549 2153 662 2219 medio
676 2151 787 2217 lateris
800 2151 955 2218 scaccarii
971 2151 1018 2216 illi
1033 2152 1089 2235 qui
1106 2171 1198 2217 com·

105 2265 195 2338 potos
209 2255 380 2340 positione
396 2255 493 2340 pouit
510 2254 710 2322 calculorum
725 2276 734 2334 ;
758 2253 938 2340 posthunc
953 2254 1054 2340 aliqui
1069 2275 1136 2320 uon
1151 2275 1197 2320 ex

106 2357 204 2424 officio
219 2359 396 2426 nmessaiii
406 2369 519 2426 tamen
534 2370 569 2426 et
580 2359 613 2424 in
626 2358 691 2424 fine
701 2357 814 2425 sedilis
825 2357 912 2423 illius
927 2359 1049 2424 residet
1064 2358 1199 2425 clericus

106 2463 156 2542 qui
170 2463 348 2549 scriptoiio
367 2473 479 2548 preest
497 2471 532 2529 et
551 2462 605 2529 hic
627 2483 672 2528 ex
690 2461 807 2528 officio.
871 2461 930 2528 Sic
944 2461 1047 2527 habes
1061 2462 1198 2527 secundi
1212 2483 1245 2522 ro

106 2567 209 2630 scanni
225 2565 494 2652 dispositionem.
525 2565 651 2632 Verum
663 2566 706 2632 ad
721 2565 878 2631 dextram
896 2564 1093 2649 presidentis
1108 2564 1199 2630 iusti·

106 2667 183 2734 tiarii
212 2671 340 2736 residet
373 2669 483 2754 primo
512 2669 587 2737 loco
623 2689 711 2735 nunc
748 2667 987 2734 Wintouiensis
1024 2667 1200 2752 episcopiis

104 2775 266 2852 quondam
295 2773 499 2840 Pictauensis
520 2773 772 2840 archidiaconus
795 2791 840 2837 ex
862 2771 970 2838 oflicio
989 2770 1124 2855 quidem
1148 2780 1200 2836 set

108 2895 146 2938 ex
161 2877 294 2943 nouella
304 2877 595 2956 constitutionem
606 2877 730 2944 scilicet
744 2875 918 2962 proximus
935 2875 980 2942 sit
994 2875 1199 2940 thesaurario

105 2988 135 3044 et
156 2981 317 3067 scripture
338 2981 439 3048 rotuli
461 2981 640 3066 diligenter
660 2981 823 3046 intendat.
868 2978 949 3044 Post
971 2976 1059 3043 liunc
1079 2977 1199 3044 residet
1213 2999 1244 3054 rs

106 3081 322 3150 thesaurarius
338 3085 372 3150 in
389 3085 499 3169 capite
513 3085 658 3150 secunde
671 3085 759 3149 sedis
777 3081 812 3147 in
827 3082 975 3161 dextera,
992 3081 1044 3148 cui
1059 3080 1198 3167 diligen·

106 3187 227 3253 tissima
241 3208 323 3254 cura
334 3199 386 3256 eet
397 3209 458 3272 per
468 3188 597 3272 singula
608 3208 675 3272 que
686 3187 752 3253 illic
763 3196 920 3272 geruntur
931 3185 1027 3268 qussi
1038 3185 1199 3253 rationem

104 3289 143 3356 de
156 3291 218 3358 hiis
233 3292 393 3358 omnibus
407 3293 436 3357 si
455 3291 638 3378 oportuerit
652 3291 831 3357 reddituro.
877 3289 959 3355 Post
975 3288 1063 3356 hunc
1077 3289 1199 3356 residet

106 3393 235 3462 clericus
262 3395 335 3460 eius
359 3395 502 3480 scriptor
522 3393 622 3462 rotuli
648 3395 691 3460 de
715 3394 879 3468 thesauro,
902 3401 979 3476 post
1003 3392 1090 3458 hunc
1115 3391 1200 3456 alius

104 3499 238 3584 scriptor
257 3497 359 3564 rotuli
379 3500 422 3564 de
441 3497 648 3578 cancellaria,
661 3506 739 3582 post
758 3497 846 3563 hunc
863 3495 1000 3562 clericus
1014 3495 1199 3562 cancellarii
1213 3516 1248 3566 so

102 3603 154 3685 qui
178 3603 313 3669 oculata
334 3602 401 3668 fide
422 3621 553 3687 semper
574 3601 735 3686 prospicit
755 3609 793 3666 vt
815 3599 941 3666 rotulus
963 3620 1041 3666 suus
1063 3599 1119 3665 alii
1142 3608 1234 3682 perc

103 3705 228 3790 singula
243 3706 445 3791 respondeat
455 3713 491 3770 vt
506 3725 567 3771 nec
582 3705 652 3770 iota
665 3725 767 3769 vnum
783 3705 869 3769 desit
885 3723 945 3768 nec
955 3703 1041 3769 alius
1055 3703 1099 3768 sit
1114 3701 1200 3768 ordo

102 3809 271 3891 scribendi,
282 3817 361 3893 post
374 3809 462 3876 hunc
476 3807 571 3893 quasi
582 3808 618 3873 iii
629 3807 694 3873 fine
706 3805 818 3874 sedilis
829 3806 914 3872 illius
930 3807 1050 3872 residet
1061 3805 1200 3872 clericus

105 3912 505 3998 consumeremus
528 3911 663 3996 quidem
686 3919 720 3978 et
739 3911 904 3976 officiosus
919 3909 952 3974 in
971 3910 1099 3975 domini
1114 3907 1200 3993 regis

104 4015 190 4080 curia
204 4026 237 4081 et
253 4015 309 4081 hic
324 4015 458 4100 quidem
475 4014 602 4081 habeus
617 4013 760 4081 officium
780 4014 872 4097 quod
888 4032 948 4097 per
967 4031 1003 4077 se
1019 4013 1129 4095 ipsum
1145 4007 1199 4075 vel
1214 4027 1245 4080 ³⁵

105 4161 151 4275 dai
170 4150 316 4276 0221th
327 4151 364 4206 N
366 4220 393 4277 b
441 4163 457 4218 7
495 4151 622 4276 RtesN
682 4163 714 4276 89
734 4148 956 4273 lummlme
985 4219 1001 4272 8
1034 4147 1068 4201 16
1077 4143 1202 4268 mu}

106 4237 182 4358 ¹921
195 4237 308 4348 crim.
327 4223 550 4362 qui3mmgbid’n'
562 4291 591 4346 R
610 4231 650 4290 η’
661 4229 850 4347 {adim
858 4303 919 4370 nou
932 4231 981 4342 ll(¹
1019 4231 1204 4341 Ι’ξὲιοιιίιιείῖ

104 4373 135 4430 31
153 4361 266 4418 oculata
278 4361 480 4420 Li'ebermann:
502 4363 612 4419 occulta
624 4361 699 4418 codd.
770 4367 922 4431 prospiciat
935 4357 961 4414 C
