3096 4832
131 303 272 398 1an]
495 306 562 374 ns
585 304 860 375 scaccnmo
1165 313 1228 388 102

128 489 343 560 numeratam,
358 495 443 546 vasa
458 499 591 564 quoque
607 476 730 546 diuersi
744 477 874 562 generis
890 496 991 545 aurea
1004 475 1058 544 vel
1073 487 1232 564 argentea

127 603 172 649 ac
204 585 477 649 vestimentorum
507 581 697 648 mutatoria.
740 580 931 648 Secundum
960 580 1047 648 hanc
1076 591 1230 666 accepta·

127 687 255 752 tionem
268 687 393 753 dicitur
407 685 497 752 ‘Vbi
511 693 565 752 est
582 683 755 751 thesaurus
772 695 851 752 tuus
864 684 910 752 ibi
924 693 975 752 est
992 695 1099 753 etcor
1112 680 1228 752 tuum’

126 790 264 858 Dicitur
286 792 384 857 enim
407 787 677 862 thesauruslocus
695 789 730 854 in
752 809 823 873 quo
841 789 1023 874 reponitur,
1044 789 1132 856 vnde
1152 788 1225 855 the-

125 915 246 960 saurus
273 894 345 960 auri
375 893 489 973 thesis,
519 892 553 958 id
583 901 635 958 est
667 893 798 977 positio,
828 894 1038 973 nominatur;
1075 903 1112 958 vt
1140 912 1257 972 nunc5

124 997 310 1082 incongrue
330 996 571 1082 respondeatur
592 997 746 1080 querenti
771 996 815 1061 de
844 995 995 1079 quolibet
1016 996 1072 1062 vbi
1092 996 1144 1072 sit,
1166 996 1226 1061 ‘In

123 1100 284 1167 tlresauro
300 1111 352 1168 est
364 1097 395 1177 ’3
417 1100 481 1166 hoc
498 1109 549 1166 cst
563 1101 620 1166 vbi
636 1099 810 1166 thesaurus
824 1100 1004 1185 reponitur.
1043 1099 1228 1166 Numerata

122 1205 262 1290 quidem
285 1204 438 1289 pecunia,
459 1203 512 1269 vel
534 1202 601 1270 alia
624 1203 782 1289 predicta,
805 1201 908 1271 semel
930 1204 964 1268 in
983 1211 1059 1270 tuto
1081 1201 1156 1268 loco
1178 1224 1228 1268 re·

121 1309 238 1392 posita
253 1329 320 1373 non
339 1307 531 1389 efferuntur,
544 1307 608 1374 nisi
626 1327 703 1374 cum
722 1329 767 1374 ex
785 1308 870 1393 regis
890 1308 1048 1374 mandato
1064 1307 1098 1371 in
1115 1325 1227 1372 neces-

121 1413 230 1478 sarios
244 1433 324 1478 usus
338 1412 570 1478 distribuenda
583 1411 649 1485 sibi
663 1412 848 1480 mittuntur.
892 1411 1019 1476 Verum
1037 1409 1132 1494 plura
1149 1418 1226 1476 suut
1242 1434 1273 1474 ιο

121 1517 159 1582 in
179 1516 385 1601 repositoriis
404 1515 511 1586 archis
531 1515 678 1589 thesauri
699 1536 765 1600 que
782 1514 1055 1583 circumferuntur
1071 1523 1106 1580 et
1123 1513 1226 1580 inclu-

121 1619 250 1686 duntur
274 1631 311 1686 et
335 1619 564 1686 custoditmtur
589 1641 610 1686 a
635 1619 839 1694 thesaurario
864 1628 899 1685 et
923 1618 1120 1700 camerariis,
1141 1617 1226 1684 sicut

121 1743 226 1808 supra
249 1724 380 1807 plenius
401 1733 572 1791 ostensum
595 1733 655 1801 est,
669 1723 783 1807 qualia
805 1730 883 1795 stult
904 1721 1050 1808 sigillum
1073 1721 1161 1806 regis
1182 1722 1225 1787 de

122 1847 195 1911 quo
212 1827 336 1913 queris,
349 1827 433 1894 liber
452 1827 647 1907 iudiciarius,
663 1827 792 1894 rotulus
810 1825 868 1909 qui
888 1824 1077 1898 exactorius
1092 1824 1220 1906 dicitur,

122 1953 228 2016 quem
236 1931 373 2017 quidem
383 1931 556 2003 nominant
566 1931 669 1998 breue
680 1932 723 1997 de
735 1929 837 1996 firmis
850 1955 858 1996 :
873 1930 953 1996 item
965 1929 1076 2014 magni
1087 1929 1222 1995 annales
1240 1952 1269 2005 1⁵

121 2044 357 2120 compotorum
393 2033 503 2116 rotuli,
538 2033 788 2120 priuilegiorum
824 2053 1000 2100 numerosa
1036 2032 1225 2116 multitudo,

122 2149 333 2225 receptamm
357 2148 492 2208 recauba
517 2159 556 2205 ac
581 2138 680 2204 rotuli
706 2145 914 2224 receptarum
937 2157 978 2204 ac
1002 2135 1117 2204 breuia
1138 2137 1225 2224 regis

121 2245 168 2310 de
181 2243 277 2310 exitu
292 2241 440 2308 thesauri
462 2252 496 2309 et
510 2242 667 2328 pleraque
683 2240 749 2314 alia
762 2261 831 2326 que
842 2241 1040 2311 consedente
1059 2243 1222 2308 scaccario

122 2347 297 2414 cotidianis
312 2347 426 2412 usibus
440 2346 624 2414 necessaria
638 2355 724 2413 sunt

165 2451 257 2518 Vsus
271 2451 372 2536 sigilli
390 2451 472 2535 regii
487 2451 594 2535 qualis
604 2471 677 2516 esse
690 2451 822 2532 debeat,
833 2471 878 2516 ex
890 2449 1056 2537 premissis
1070 2458 1221 2516 constare
1235 2420 1285 2534 ἔον

121 2564 245 2640 potest
291 2555 371 2620 Hoc
386 2553 475 2620 enim
490 2553 577 2632 facte
593 2554 867 2627 summonitiones
882 2565 916 2620 et
934 2553 1009 2632 alia,
1023 2553 1224 2638 pertinentia

120 2662 303 2727 dumtaxat
324 2659 370 2724 ad
390 2659 601 2739 scaccarium,
618 2659 706 2742 regis
724 2659 883 2724 mandata
905 2657 1087 2743 signantur.
1148 2656 1223 2723 Nec

120 2763 259 2830 effertur
270 2763 364 2847 alias,
378 2771 430 2827 set
444 2761 528 2830 sicut
541 2782 641 2848 supra
655 2761 781 2829 dictum
798 2771 848 2828 est
865 2783 886 2828 a
900 2759 1095 2828 cancellario
1110 2770 1221 2826 custo·

118 2869 212 2934 ditur
241 2886 303 2950 per
330 2865 504 2933 vicarium..
553 2865 757 2951 Expressam
779 2874 893 2932 autem
913 2864 1017 2930 habet
1042 2863 1221 2948 imaginem

119 2982 156 3042 et
183 2972 431 3055 inscriptionem
455 2989 534 3036 cum
560 2969 824 3036 deambulatorio
846 2967 936 3035 curie
957 2967 1075 3054 sigillo,
1100 2978 1136 3034 vt
1159 2989 1221 3052 par
1236 2990 1265 3046 ²5

117 3084 341 3159 cognoscatur
362 3075 542 3157 utrobique
558 3073 702 3140 iubentis
723 3073 905 3139 auctoritas
924 3081 959 3139 et
978 3091 1052 3138 reus
1072 3070 1223 3139 similiter

117 3180 289 3246 iudicetur
303 3198 366 3262 pro
382 3177 445 3252 hoc
462 3187 500 3243 vt
520 3197 581 3262 pro
601 3176 658 3242 illo
672 3177 731 3261 qui
750 3197 845 3242 secus
862 3177 976 3264 egerit

164 3281 270 3349 Porro
295 3280 380 3348 liber
401 3281 457 3348 ille
485 3281 529 3354 de
558 3301 627 3365 quo
657 3281 767 3364 queris
792 3281 890 3366 sigilli
920 3281 1000 3365 regii
1028 3301 1141 3349 comes
1169 3292 1220 3349 est

115 3386 311 3454 indiuiduus
350 3384 385 3450 in
413 3383 578 3453 thesauro.
634 3381 744 3459 Huius
770 3384 987 3454 institutionis
1011 3405 1146 3454 causam
1175 3389 1220 3454 ab

116 3489 269 3558 chrico
283 3489 453 3572 quondam
467 3487 688 3556 Wintoniensi
707 3489 863 3574 episcopo
877 3489 925 3555 sic
939 3489 1064 3574 accepi.
1233 3530 1265 3580 30

162 3593 250 3659 Cum
262 3591 396 3676 insignis
411 3591 468 3656 ille
481 3591 636 3659 subactor
649 3591 783 3676 Anglie,
798 3611 859 3658 rex
870 3589 1057 3664 Willelmus
1071 3592 1218 3660 eiusdem
1231 3583 1294 3645 Μ

115 3695 286 3782 pontificis
310 3695 471 3778 sanguine
493 3696 709 3780 propinquus,
729 3694 900 3764 ulteriores
923 3693 1031 3761 insule
1052 3693 1136 3762 fines
1158 3717 1219 3763 suo
1232 3665 1258 3715 A

115 3800 331 3886 subiugasset
352 3797 494 3883 imperio
518 3809 554 3865 et
575 3798 747 3865 rebellium
769 3805 897 3864 mentes
918 3797 1119 3866 terribilibus
1143 3821 1218 3884 per·

114 3905 303 3971 domuisset
332 3901 504 3990 exemplis,
526 3922 569 3968 ne
594 3901 701 3970 libera
729 3903 772 3970 de
798 3909 908 3968 cetero
937 3904 1072 3969 daretur
1101 3904 1218 3970 erroris

114 4007 267 4088 facultas,
283 4005 430 4073 decreuit
447 4006 631 4072 subiectum
646 4007 709 4072 sibi
730 4006 893 4090 populum
913 4005 974 4072 iuri
994 4007 1116 4091 scripto
1138 4005 1217 4089 legi·
1233 4027 1263 4080 ³⁵

114 4113 251 4200 busque
271 4111 432 4178 subicere.
476 4107 658 4196 Propositis
680 4109 780 4195 igitur
800 4109 929 4195 legibus
950 4107 1145 4193 Anglicanis
1167 4127 1218 4173 se·

151 4261 353 4334 yrbiom.N
415 4260 584 4335 17ac1aR
652 4276 688 4319 ao
723 4259 928 4335 uuislquidc
1007 4257 1217 4332 23sicutNR:

113 4334 289 4394 hamc
334 4279 727 4408 adstrobiquelvtriusqucg
772 4346 805 4402 27
818 4331 943 4408 thctN
990 4333 1026 4402 36
1038 4331 1120 4402 igitur
1131 4327 1220 4385 mit
