3096 4832
121 339 225 431 ivs]
491 343 558 409 DE
581 341 856 411 SCACCARIO
1184 360 1225 428 79

121 533 211 599 sicut
240 532 467 616 supradictum
497 540 556 612 est,
585 541 619 598 et
648 533 835 598 cauendum
865 543 915 600 est
944 533 1007 618 ipsi
1037 555 1081 600 ne
1109 533 1161 599 vel
1192 533 1226 599 in

120 657 263 703 nurnero
276 637 328 702 vel
347 638 382 701 in
400 657 502 702 causa
515 635 568 701 vel
589 637 624 701 in
643 657 783 720 persona
803 637 845 702 sit
865 658 963 715 error,
979 657 1022 703 ne
1035 638 1227 704 absoluatur

120 742 181 826 qui
210 741 345 824 quietus
374 760 441 804 non
471 749 532 820 est,
557 739 609 806 vel
639 761 750 805 rursus
779 741 992 807 conueniatur
1020 743 1077 826 qui
1107 744 1227 808 meruit

118 845 265 910 absolui.
308 843 421 908 Tanta
441 863 585 927 namque
604 842 703 909 rotuli
722 845 793 910 eius
813 847 993 911 auctoritas
1015 857 1065 912 est
1087 855 1124 911 vt
1146 847 1226 910 nulli

118 949 223 1014 liceat
244 948 274 1011 ei
294 947 519 1013 contradicere
536 947 588 1013 vel
605 957 743 1024 mutare,
758 949 820 1013 nisi
840 947 926 1014 sorte
942 959 1013 1015 tam
1034 947 1226 1014 manifestus
1240 959 1254 1010 s

119 1073 215 1118 error
235 1051 333 1116 luerit
347 1061 384 1116 vt
403 1050 559 1116 omnibus
579 1059 702 1136 pateat.
747 1052 868 1136 Neque
887 1061 966 1118 tunc
987 1052 1049 1118 nisi
1072 1055 1116 1118 de
1135 1073 1226 1117 com-

119 1157 218 1221 muni
251 1155 391 1221 consilio
426 1149 575 1220 omnium
607 1154 770 1221 baronum
805 1158 924 1223 mutari
955 1157 1057 1222 debet
1085 1166 1118 1222 et
1147 1156 1227 1240 ipsis

119 1259 337 1345 presentibus
350 1279 427 1325 cum
441 1259 549 1324 adhuc
563 1259 689 1325 scilicet
703 1261 903 1326 scaccarium
923 1260 1011 1325 illius
1028 1270 1226 1344 perseuerat.

119 1363 335 1444 Scripturam
358 1381 438 1426 vero
463 1360 562 1426 rotuli
590 1363 750 1445 preterito
774 1382 862 1427 anno
888 1363 1021 1441 facum,
1042 1363 1094 1427 vel
1125 1362 1224 1426 etiam

117 1466 225 1531 huius
246 1465 322 1530 anni
343 1464 491 1530 extantis
513 1473 591 1548 post
608 1465 754 1531 solutum
771 1467 978 1545 scaccarium,
998 1467 1079 1531 nulli
1100 1475 1227 1531 mutare
1241 1481 1272 1518 10

118 1571 206 1635 licet
221 1569 284 1633 nisi
299 1569 380 1652 regi,
395 1567 448 1632 cui
463 1590 563 1654 super
576 1569 639 1635 hiis
651 1569 751 1636 licent
765 1591 963 1655 quecunque
982 1569 1095 1636 libent
1141 1569 1226 1635 Item

117 1673 262 1740 adeum
280 1682 409 1756 spectat
424 1682 461 1738 vt
480 1675 525 1739 ad
544 1675 656 1738 omnia
675 1693 797 1758 magna
813 1675 948 1760 negotia
962 1694 1038 1740 cum
1053 1674 1228 1759 superiori·

118 1779 190 1844 bus
204 1786 392 1842 assumatur
406 1785 440 1840 et
455 1777 554 1842 nichil
570 1797 645 1842 eum
661 1777 775 1843 lateat.

172 1879 349 1966 Scriptoris
381 1881 439 1964 qui
472 1881 645 1964 proximus
679 1891 730 1947 est
764 1881 969 1947 thesaurario
999 1879 1145 1946 officium
1178 1891 1227 1946 est

119 2005 304 2072 preparare
318 1985 446 2050 rotulos
460 1985 502 2050 ad
518 1985 716 2070 scripturam
731 2007 776 2051 ex
792 1985 934 2070 pellibus
948 1984 1054 2051 ouinis
1073 2005 1140 2050 non
1157 1984 1228 2050 sine
1242 1999 1273 2048 ¹5

119 2107 236 2154 causa.
268 2089 463 2174 Longitudo
474 2099 585 2154 autem
598 2110 712 2156 eorum
726 2099 777 2155 est
788 2099 915 2174 quanta
926 2090 1031 2174 surgit
1043 2105 1087 2153 ex
1099 2090 1228 2155 duabus

122 2193 338 2272 membranis,
353 2213 421 2258 non
435 2201 548 2258 tamen
563 2193 766 2277 quibuslibet
781 2203 833 2259 set
848 2195 989 2277 magnis,
1004 2195 1047 2259 ad
1062 2195 1127 2260 hoc
1143 2215 1227 2280 opus

121 2319 172 2363 ex
195 2297 357 2362 industria
377 2297 571 2380 procuratis,
593 2297 736 2363 latitudo
757 2317 835 2363 vero
857 2296 959 2381 paulo
980 2297 1055 2382 plus
1076 2319 1142 2362 vna
1167 2311 1258 2363 est-s

121 2421 232 2486 pansa
257 2411 291 2465 et
314 2401 423 2465 semis
468 2401 644 2485 Regulatis
667 2401 768 2486 igitur
793 2402 909 2468 rotulis
934 2422 955 2466 a
984 2422 1116 2468 summo
1145 2423 1228 2486 pene

121 2524 233 2588 vsque
258 2506 412 2569 deorsum
439 2514 473 2570 et
498 2525 544 2570 ex
568 2515 707 2590 vtraque
730 2515 824 2590 parte
849 2505 944 2571 lineis
970 2525 991 2570 a
1014 2527 1051 2570 se
1076 2508 1275 2571 decentereo

123 2607 339 2688 distantibus,
351 2617 567 2692 prenotantur
578 2610 611 2674 in
622 2630 754 2675 summo
765 2608 864 2674 rotuli
879 2609 1055 2675 comitatus
1071 2619 1104 2674 et
1118 2608 1229 2673 baillie

123 2714 172 2777 de
198 2712 318 2794 quibus
343 2710 429 2777 infra
454 2722 631 2796 compotus
657 2713 815 2778 redditur.
860 2713 965 2778 Facto
991 2731 1069 2778 vero
1097 2713 1229 2778 modico

122 2813 305 2881 interuallo
319 2815 413 2900 quasi
429 2816 529 2881 trium
543 2815 595 2881 vel
611 2825 753 2900 quatuor
768 2815 946 2899 digitorum
966 2815 1177 2900 prescribitur
1195 2815 1229 2880 in

122 2920 239 2984 medio
258 2918 345 2985 linee
365 2939 487 2985 nomen
507 2921 686 2986 comitatus
706 2921 831 3003 dequo
851 2919 960 3004 primo
975 2919 1050 2985 loco
1065 2919 1228 3002 agendum

125 3033 190 3089 est.
235 3024 366 3090 Deinde
391 3025 426 3088 in
450 3025 561 3110 capite
583 3026 750 3108 sequentis
776 3023 863 3090 linee
885 3043 1007 3088 nomen
1029 3023 1229 3088 vicecomitis
1243 3049 1274 3101 ²5

125 3127 328 3212 depingitur,
342 3131 565 3212 subsequente
586 3129 651 3195 hoc
672 3139 787 3194 tenore
804 3128 980 3193 verborum
1001 3127 1081 3191 ‘Ille
1098 3127 1151 3191 vel
1174 3127 1229 3192 ille

122 3233 313 3298 vicecomes
332 3231 441 3297 reddit
460 3244 655 3316 compotum
676 3233 719 3297 de
739 3231 832 3296 firma
853 3231 939 3296 illius
953 3230 1005 3297 vel
1024 3229 1111 3296 illius
1126 3231 1228 3297 comi·

124 3335 243 3401 tatus’
295 3335 428 3401 Deinde
451 3335 553 3419 paulo
577 3346 655 3420 post
681 3335 714 3400 in
740 3337 857 3401 eadem
882 3334 970 3401 linea
994 3335 1145 3400 scribitur
1169 3334 1229 3399 ‘In

125 3437 310 3506 thesauro’
331 3458 393 3503 nec
415 3439 596 3524 apponitur
614 3439 705 3505 aliud
729 3439 791 3504 nisi
816 3450 1049 3504 consummato
1072 3448 1230 3523 compoto

123 3551 268 3629 propter
280 3553 454 3626 urgentem
473 3563 606 3609 causam
622 3544 736 3627 quein
750 3543 887 3626 agendis
905 3543 1109 3608 vicecomitis
1123 3543 1230 3607 mani·
1245 3569 1278 3618 30

123 3646 215 3712 festa
235 3655 295 3712 ese
340 3645 473 3716 Deinde
490 3648 525 3712 in
546 3645 656 3731 capite
674 3647 842 3730 sequentis
860 3645 947 3711 linee
961 3645 1041 3730 quid
1056 3647 1090 3710 in
1106 3645 1230 3712 elemo-

124 3751 202 3814 sina
228 3759 262 3815 et
287 3749 427 3816 decimis
452 3748 650 3829 constitutis,
674 3749 754 3832 quid
781 3749 882 3816 etiam
908 3751 942 3814 in
967 3749 1163 3816 liberatione
1187 3753 1231 3814 de

122 3853 225 3920 firma
258 3853 439 3920 comitatus
473 3853 692 3938 expendatur,
726 3853 932 3938 exprimitur.
992 3853 1073 3919 Post
1103 3854 1164 3920 hec
1197 3854 1231 3918 in

124 3957 238 4042 capite
266 3958 354 4022 linee
379 3955 540 4022 inferioris
569 3957 603 4022 in
633 3959 727 4023 terris
755 3959 842 4024 datis
870 3967 1070 4024 annotantur
1095 3979 1136 4024 ea
1164 3976 1230 4039 que

164 4167 176 4210 1
196 4171 233 4210 ne
245 4169 301 4209 orn.
313 4153 351 4208 N
427 4152 471 4207 vel
484 4168 537 4208 om.
553 4151 578 4208 C
655 4167 672 4222 3
691 4151 802 4223 meruit]
817 4153 925 4209 inerunt
938 4153 966 4206 R
1035 4151 1054 4207 6
1071 4149 1125 4204 nisi
1138 4165 1191 4203 om.
1207 4149 1232 4202 C

123 4239 156 4283 11
176 4225 232 4310 nisi
244 4241 301 4306 mg
313 4223 344 4277 R
420 4223 578 4348 quicunque
589 4224 618 4278 R
697 4224 730 4279 16
748 4233 843 4279 autem
855 4241 908 4279 om.
919 4223 956 4278 Ν
1029 4237 1125 4276 eorum
1140 4234 1192 4272 ona
1209 4219 1233 4271 C

117 4290 1060 4442 annumerans-nv1¹va
1102 4303 1230 4358 ev
