3096 4832
125 327 153 382 11
168 309 268 404 xre]
495 313 561 380 DE
586 311 861 383 scnccnruo
1164 327 1224 402 143

123 508 202 574 ergo
222 496 357 572 spectat
377 495 555 572 compotus
580 490 808 555 communium
830 490 875 556 ad
896 508 997 575 quern
1018 488 1128 555 solum
1151 509 1225 573 per·

122 594 204 658 tinet
228 592 382 657 cohercio
408 591 636 675 singulomm3
664 604 707 673 et,
728 595 786 678 qui
803 594 997 659 ¹vicecomes
1023 592 1118 660 iuerit
1146 596 1226 660 dum

122 704 300 779 compotus
317 695 365 772 iit,
388 695 441 759 vel
452 697 582 780 quietus
596 695 650 761 vel
664 697 698 761 in
713 697 828 764 debito
838 696 900 762 hac
913 697 1042 764 ratione
1055 697 1226 763 scribetur.
1293 763 1295 768 .

163 797 362 882 Ds'sct'pulus.
407 799 523 865 Teneo
538 801 728 865 memoriter
742 801 822 884 quid
837 799 907 866 fieri
923 801 1045 867 debeat
1060 821 1136 867 cum
1151 803 1226 886 quis

119 922 221 986 super
235 901 351 986 aliquo
371 902 487 968 debito
500 905 725 970 summonitus
745 905 846 970 breue
860 903 947 988 regis
965 903 1119 970 detulerit
1134 907 1225 988 quod
1240 929 1254 980 s

120 1027 297 1076 numerum
312 1007 371 1091 qui
387 1007 564 1090 requiritur
581 1009 760 1092 exprimat.
820 1008 923 1094 Quod
942 1009 971 1072 si
991 1009 1079 1092 regis
1098 1019 1225 1074 cartam

119 1115 165 1180 de
180 1111 367 1198 quietantia
382 1131 490 1177 rerum
505 1113 655 1179 eiusdem
670 1113 800 1198 generis
814 1114 857 1179 ad
872 1113 1074 1178 scaccarium
1090 1113 1225 1193 deserat,

119 1225 159 1283 vt
187 1216 236 1281 sic
256 1215 388 1280 dicatur
409 1215 518 1282 ‘Volo
541 1217 640 1302 igitur
661 1227 699 1282 vt
720 1216 782 1283 hec
803 1217 915 1282 omnia
938 1224 1049 1281 teneat
1072 1215 1173 1282 libere
1192 1227 1226 1282 et

119 1319 235 1402 quiete
249 1317 295 1382 de
310 1317 441 1402 placitis
461 1329 496 1385 et
514 1321 657 1386 murdris
676 1330 710 1385 et
730 1320 793 1385 hiis
817 1330 851 1386 et
869 1315 952 1397 hiis:
969 1329 1003 1386 et
1023 1319 1225 1399 huiusmodi,

119 1423 284 1506 numquid
300 1422 333 1486 in
348 1422 504 1505 perdonis
519 1423 608 1488 erit?
687 1455 693 1463 ·
1242 1443 1273 1482 ιο

165 1527 345 1611 Magister.
391 1526 466 1592 Erit
487 1547 524 1592 re
544 1547 645 1606 vera3
663 1527 723 1593 sed
745 1547 813 1593 non
835 1515 994 1595 dicetur‘
1008 1527 1048 1592 In
1070 1528 1226 1612 perdonis

119 1652 185 1717 per
202 1639 330 1696 cartam
350 1627 456 1715 regis'
478 1627 532 1695 vel
552 1635 632 1714 ‘per
653 1630 839 1697 libertatem
862 1641 951 1698 carte
968 1631 1032 1697 hoc
1054 1631 1107 1696 vel
1125 1631 1225 1709 illud,'

119 1737 227 1802 immo
243 1741 324 1820 ‘per
337 1734 439 1801 breue
453 1732 560 1820 regis?
604 1734 704 1819 Quod
723 1738 752 1801 si
767 1745 859 1801 carta
876 1737 1012 1821 quidem
1033 1755 1099 1800 nou
1119 1737 1225 1819 speci·

119 1839 228 1904 ficans
251 1840 300 1904 sic
323 1839 493 1904 contineat
515 1838 640 1905 ‘libere
665 1848 700 1905 et
728 1841 840 1922 quiete
865 1839 909 1905 ab
933 1840 1025 1905 omni
1050 1841 1226 1906 exactione

118 1952 157 2010 et
177 1941 317 2008 seculari
335 1943 471 2008 seruitio
490 1944 641 2027 predicta
660 1941 849 2027 possideat?
867 1962 935 2008 non
956 1951 1070 2009 tamen
1089 1943 1134 2008 ab
1153 1945 1226 2028 hiis,
1241 1967 1271 2021 1⁵

120 2067 188 2130 que
207 2047 426 2129 requiruntur,
446 2067 505 2130 per
522 2046 586 2113 hoc
607 2047 738 2130 quietus
756 2047 827 2123 erit,
843 2045 898 2111 vel
918 2047 951 2110 in
973 2048 1128 2130 perdonis
1148 2050 1225 2114 scri·

119 2149 241 2227 betur3
264 2148 382 2214 nolunt
403 2149 492 2215 enim
512 2151 569 2234 qui
589 2151 745 2227 assident,
766 2150 900 2233 speciali
917 2151 1031 2217 debito
1049 2170 1108 2236 per
1125 2159 1261 2238 gene-C

119 2253 227 2318 talem
242 2253 487 2320 absolutionem
502 2253 665 2337 derogari.

164 2355 369 2440 Dircs'pulus.
414 2357 603 2422 Perniciosa
621 2357 701 2422 satis
716 2366 767 2423 est
782 2359 846 2424 ista
860 2357 1046 2437 subtilitas3
1067 2359 1124 2443 qui
1139 2361 1226 2425 enim

119 2483 142 2528 a
156 2463 336 2547 generibus
355 2461 559 2545 singulorum
575 2460 659 2527 liber
676 2471 737 2542 est,
751 2463 852 2527 etiam
871 2481 892 2526 a
911 2461 1049 2546 singulis
1068 2483 1226 2548 generum
1241 2484 1273 2523 ιο

120 2575 273 2631 rueretur
287 2563 427 2630 absolui.
1215 2615 1218 2622 .

166 2669 349 2752 Magister.
393 2669 519 2736 Verum
534 2670 690 2754 estquod
705 2670 788 2735 dicis
807 2689 916 2753 neque
929 2689 991 2735 nos
1005 2669 1226 2737 dissentimus.

122 2772 190 2840 Set
210 2783 325 2839 tamen
349 2773 429 2858 quid
452 2773 512 2839 tiat
533 2773 684 2853 dicimus,
702 2794 770 2839 non
792 2773 874 2857 quid
895 2774 981 2840 iorte
1002 2772 1073 2839 lieri
1095 2774 1226 2839 debeat.

121 2878 237 2964 Igitur
262 2897 338 2942 cum
365 2877 422 2942 de·
436 2877 589 2943 omnibus
618 2877 683 2943 hiis
712 2897 779 2960 que
809 2877 843 2941 in
869 2878 1124 2943 summonitione
1150 2897 1226 2943 con·

119 2982 273 3048 tinentur
301 2980 355 3045 vel
389 2999 450 3065 per
482 2987 689 3046 numeratam
725 2981 910 3063 pecuniam,
941 2981 994 3047 vel
1027 3003 1087 3066 per
1115 2983 1227 3048 breuia
1240 3003 1272 3057 ²5

119 3083 224 3166 regis,
254 3083 462 3149 satisfactum
494 3082 600 3159 suerit,
634 3083 697 3148 hac
730 3083 803 3166 lege
837 3085 999 3169 scripture
1027 3105 1094 3170 que
1126 3105 1226 3169 supra

118 3189 217 3256 dicta
242 3197 292 3254 est
315 3207 447 3270 semper
467 3189 629 3252 utendum
652 3197 712 3252 est.
756 3187 882 3254 Vemm
905 3209 981 3255 cum
1005 3209 1071 3254 non
1092 3189 1227 3256 soluerit

118 3293 246 3379 aliquis
275 3293 474 3370 uniuersum,
507 3293 597 3375 quod
627 3292 673 3357 ab
701 3293 774 3375 ipso
803 3293 988 3378 requiritur,
1017 3304 1069 3359 set
1097 3305 1226 3379 partem

121 3405 199 3472 eius
217 3401 271 3467 vel
292 3401 379 3466 iorte
401 3398 493 3474 nihil,
516 3418 616 3464 causa
637 3401 752 3464 statim
773 3419 795 3464 a
814 3401 1011 3466 vicecomite
1032 3401 1228 3485 requirenda

119 3517 189 3588 est,
219 3524 277 3570 cur
313 3505 341 3570 is
378 3489 539 3567 soluendo
569 3520 636 3567 non
671 3501 778 3568 luerit.
826 3501 929 3587 Quod
961 3502 989 3569 si
1021 3505 1228 3587 responderit
1242 3519 1275 3570 ³0

119 3610 311 3676 vicecomes
339 3606 488 3691 quesisse
512 3625 549 3670 se
577 3605 753 3690 diligenter
778 3606 849 3670 eius
873 3607 915 3672 de
938 3627 1006 3691 quo
1032 3607 1141 3692 agitur
1166 3629 1228 3676 nec

122 3711 248 3780 oetalla
273 3711 421 3776 inuenire
442 3709 599 3794 potuisse,
624 3707 742 3775 inseret
766 3708 999 3789 thesaurarius,
1019 3711 1132 3778 ‘Caue
1157 3711 1229 3793 tibi,

122 3837 207 3884 nam
228 3816 327 3881 huius
349 3815 395 3881 rei
418 3812 530 3891 fidem,
544 3813 669 3879 scilicet
691 3815 840 3898 quesisse
863 3824 898 3881 te
920 3834 982 3880 nec
1003 3813 1150 3880 inuenire
1169 3836 1229 3898 po·

122 3921 231 3987 tuisse
253 3939 315 4004 per
332 3919 423 4003 quod
446 3916 598 3984 satisfieri
621 3927 744 4001 posset,
762 3915 828 3983 fide
851 3915 1064 4003 corporaliter
1089 3919 1229 4003 prestita

123 4021 362 4090 confirmabis’
388 4042 457 4107 quo
486 4022 708 4105 respondente
731 4021 866 4086 ‘Presto
890 4017 984 4087 sum'
1012 4022 1046 4087 in
1075 4041 1227 4086 consum·
1241 4035 1273 4087 ss

125 4136 259 4194 rnatum
279 4135 474 4211 compotum
490 4123 568 4190 fidei
583 4123 748 4210 susceptio
763 4123 932 4191 differetur
944 4133 982 4189 vt
996 4142 1096 4207 super
1115 4124 1228 4189 multis

163 4276 374 4408 affirssquiac
459 4281 529 4348 post
558 4275 820 4358 uterusadseetq
873 4289 903 4332 rr
923 4273 1069 4358 sedlsiq
1117 4273 1150 4358 ¹.⁶
1161 4273 1229 4347 que]

125 4351 175 4425 qui
293 4348 534 4407 noetiametN
625 4345 883 4418 27cum1enunC
962 4344 1207 4415 34satrfienR·
