3052 4830
349 269 412 375 aio
716 307 783 372 ns
806 304 1080 374 scsccAsro

348 479 489 558 ‘Regiam
502 488 677 558 potestatem
693 496 755 539 non
768 476 864 539 solum
877 479 968 539 armis
980 487 1082 540 contre
1095 475 1216 540 rebelles
1229 486 1259 538 et
1272 485 1382 556 gentes
1397 477 1454 540 sibi

346 595 495 656 regnoque
517 577 700 656 insurgentes
721 587 838 656 oportet
858 595 923 638 esse
945 576 1120 651 decoratum,
1134 570 1194 638 'sed
1214 587 1244 636 et
1263 575 1392 654 legibus,
1416 577 1454 636 sd

346 676 478 736 subditos
505 685 535 737 et
561 675 689 754 populos
717 677 838 754 pacifice
867 675 1010 754 tegendos
1037 673 1123 736 decet
1149 693 1214 736 esse
1244 685 1394 750 omstnm,
1424 687 1454 735 vt

346 785 467 854 vtrsque
485 786 628 853 tempore,
648 777 730 854 pacis
751 785 780 836 et
806 774 883 848 belli,
905 773 1051 853 gloriosus
1072 792 1122 834 rex
1144 785 1244 835 noster
1266 775 1306 834 ite
1327 773 1454 834 feliciter

346 873 748 953 usnsigntvtelirenstdrum
759 882 789 934 et
797 872 1006 934 indomitorum
1014 871 1118 932 dextre
1125 871 1298 934 sorumdinis
1309 871 1452 933 elidendo

346 973 513 1051 snperbiam
527 982 557 1033 et
572 971 726 1032 humilium
739 983 769 1033 et
783 982 1003 1032 mansuetorum
1016 972 1151 1051 equitetis
1165 973 1245 1050 virge
1262 970 1452 1032 moderando

344 1053 492 1144 russum,
513 1079 575 1130 nm
596 1071 627 1130 in
647 1071 779 1131 somnus
808 1069 987 1132 deserimur
1015 1087 1132 1149 semper
1151 1071 1323 1132 neronom
1343 1070 1452 1130 existat

346 1169 475 1248 quamin
487 1167 608 1229 subditis
616 1168 773 1230 sanandis
780 1169 891 1248 equalis
901 1169 1004 1247 iugiter
1012 1177 1157 1246 appareat
1187 1167 1287 1242 Quam
1295 1167 1453 1246 eleganter

345 1277 453 1341 sutem,
469 1283 560 1345 quam
579 1277 704 1338 suenus,
718 1285 809 1346 quam
828 1267 931 1327 calide
946 1266 1074 1328 hostium
1089 1267 1240 1328 obnisndo
1257 1267 1380 1328 malitiis
1400 1286 1451 1327 ex·

345 1365 566 1426 cellentissimus
593 1382 645 1425 rex
672 1375 772 1426 noster
800 1365 963 1426 hostilitatis
990 1377 1122 1443 tempore
1146 1375 1289 1426 ermetam
1317 1365 1451 1426 exercuit

345 1463 487 1536 militiam,
498 1462 608 1522 nemini
621 1461 701 1523 venit
715 1464 745 1523 in
756 1462 886 1534 dubium,
900 1481 970 1524 cum
983 1463 1042 1523 ism
1056 1464 1214 1524 inomnem
1224 1473 1333 1524 terram
1348 1465 1451 1526 exierit

346 1561 410 1622 lsus
428 1561 492 1623 eius
507 1571 538 1621 et
557 1561 589 1621 in
606 1578 711 1622 omnes
732 1561 806 1622 fines
825 1561 904 1622 orbis
925 1570 1000 1623 terre
1020 1561 1168 1642 magnalis
1187 1560 1266 1634 eius,'
1283 1566 1340 1624 hc.
1383 1561 1449 1622 The

336 1649 412 1720 'date
426 1659 460 1720 ol
470 1659 549 1720 these
563 1660 796 1720 tmnsectionsis
815 1662 852 1718 16
866 1657 1025 1739 Henryll.

388 1757 420 1818 P.
439 1763 504 1829 117,
520 1758 539 1819 l.
555 1775 603 1834 30.
624 1759 787 1819 dlsoolw
816 1755 855 1817 cl.
872 1775 886 1817 1
903 1756 965 1817 Pet
980 1756 1008 1818 ii.
1025 1762 1061 1819 rs
1080 1763 1160 1819 ‘nou
1178 1767 1292 1819 tentum
1312 1759 1402 1820 bonis
1420 1768 1447 1816 et

345 1855 494 1929 modestis,
508 1854 661 1918 sedetiam
676 1854 820 1934 dyscolis'

388 1953 506 2028 P.118‚
525 1953 544 2014 l.
562 1972 608 2028 14.
630 1957 713 2015 dum
734 1957 871 2027 pomuli
891 1961 1014 2019 omont.
1057 1952 1170 2034 Henry,
1191 1953 1242 2016 the
1261 1954 1367 2030 eldest,
1388 1972 1444 2016 was

348 2055 440 2114 sbont
452 2051 588 2129 eighteen
602 2051 633 2112 in
651 2064 738 2128 1173.

426 2152 558 2212 rsttone
584 2153 686 2211 stetis
712 2153 823 2211 ossei:
861 2150 898 2212 cl.
920 2149 996 2212 Hor.
1014 2151 1059 2210 A.
1078 2151 1118 2213 P.
1145 2155 1244 2230 ror-3
1274 2152 1444 2213 ‘Imberbus

346 2244 478 2308 iuuenis'
493 2289 500 2306 .
515 2291 523 2306 .
538 2246 842 2309 .‘Cereusinvitium
856 2247 951 2309 flecti!
1106 2303 1111 2314 ,

427 2344 446 2405 l.
471 2360 516 2422 15.
537 2349 737 2418 vulpsonlst
771 2345 808 2405 cf.
841 2346 927 2408 Cent.
954 2346 982 2407 ii.
1014 2359 1049 2422 15
1079 2345 1204 2427 ‘Capite
1230 2347 1320 2409 nobis
1347 2347 1444 2426 volpes
1506 2353 1507 2378 ²

347 2445 484 2524 paruulus
497 2462 553 2522 que
567 2443 765 2505 demoliuntur
778 2441 894 2506 unere'
935 2443 1002 2506 The
1015 2444 1085 2506 little
1105 2445 1189 2508 forres
1203 2465 1253 2507 ere
1267 2445 1318 2506 the
1332 2445 1405 2525 king
1416 2444 1447 2504 ol

347 2543 462 2604 France
475 2542 535 2603 und
549 2541 654 2616 Queen
668 2541 804 2604 Eleonor.

337 2717 342 2726 Ι
428 2641 450 2704 1.
467 2655 512 2718 17.
533 2658 596 2703 sus
611 2643 760 2703 viscum
793 2641 847 2702 ie.
860 2640 906 2702 his
923 2641 1061 2703 children.
1102 2639 1148 2704 Cl'.
1167 2641 1317 2718 OvidM.
1336 2643 1441 2718 vi651
1505 2665 1506 2688 2

347 2737 487 2820 (Tereus)
497 2745 504 2770 ⁶
513 2740 603 2820 inque
617 2757 700 2800 suam
715 2757 769 2800 sua
782 2740 892 2801 viscere
905 2741 1036 2818 congerit
1051 2738 1170 2802 sluum'

430 2838 843 2902 t18.1ntmioi...etus=
870 2837 907 2900 cl'.
937 2837 1023 2900 Mate
1050 2859 1079 2900 x.
1109 2842 1148 2918 36
1173 2838 1233 2899 snd
1256 2838 1332 2902 Mic.
1354 2839 1441 2900 vilo

349 2937 475 2996 ‘inimici
489 2935 624 3010 hominis,
638 2936 790 2998 domestici
804 2933 883 2997 eius’

335 3113 343 3126 Α
430 3037 490 3107 qni
510 3039 756 3098 custodisbsnt.
798 3031 844 3098 Cf.
857 3034 917 3115 Jer.
931 3053 980 3096 xx.
997 3053 1035 3096 1ο
1049 3035 1119 3115 ‘qni
1139 3044 1223 3097 erent
1242 3035 1359 3114 pacifici
1376 3033 1437 3104 mei,

347 3142 377 3192 et
391 3131 589 3194 custodientes
603 3132 678 3193 letus
691 3132 810 3194 meum!

339 3306 345 3322 Ι
430 3228 512 3306 l.19.
534 3232 713 3292 consilinm
738 3233 899 3293 inierunt.
940 3229 987 3292 Cf.
1014 3229 1092 3293 Dan.
1113 3232 1151 3292 xi.
1174 3247 1212 3308 25
1235 3231 1366 3292 ‘inibunt
1391 3228 1437 3289 sd·

348 3343 450 3388 uersus
465 3345 533 3387 eum
547 3326 684 3389 consilia!

340 3499 345 3510 .
431 3423 513 3483 lso.
533 3429 788 3500 peremnimini.
843 3427 890 3489 ef.
917 3427 993 3489 Psnl
1020 3427 1081 3490 lxx.
1112 3447 1146 3490 11
1178 3428 1335 3502 ‘dicentes
1360 3427 1437 3487 Dens

334 3519 502 3621 Ndereliquit
521 3541 599 3596 enm,
613 3525 820 3605 persequimini
838 3537 868 3588 et
886 3527 1125 3606 comprehendite
1143 3545 1213 3589 eum
1233 3527 1303 3606 quis
1321 3533 1437 3588 nonest

349 3619 400 3698 qui
413 3619 533 3697 eripiat’

431 3717 514 3778 lus.
534 3721 796 3796 illiossnntriui,
811 3726 863 3783 dcc.
905 3721 996 3785 Isui.
1013 3743 1039 3784 s.

432 3814 514 3878 tao.
536 3819 674 3880 diuinus
700 3823 818 3890 crode.
874 3819 1008 3901 Possihly
1034 3821 1210 3886 thisrelers
1230 3833 1262 3885 to
1289 3822 1339 3883 the
1364 3819 1436 3881 coin·

350 3913 472 3976 cidence
485 3915 617 3976 between
638 3915 688 3977 the
708 3927 827 3995 capture
848 3917 884 3980 oi
900 3919 950 3980 the
963 3919 1047 4000 King
1059 3921 1094 3983 ol
1113 3921 1253 3983 Scotland
1272 3933 1302 3981 ut
1314 3915 1435 3979 Alnnick
1501 3901 1502 3912 ἵ

349 4012 419 4093 Jnly
436 4030 482 4087 12,
495 4027 581 4091 1174,
592 4015 650 4073 and
659 4016 708 4075 the
721 4016 779 4093 day
792 4035 833 4077 on
847 4018 941 4079 which
956 4018 1062 4099 Henry
1076 4021 1243 4099 completed
1256 4020 1301 4081 his
1314 4032 1436 4098 pensuce

349 4121 380 4172 et
393 4110 442 4171 the
456 4113 539 4172 tomb
552 4111 587 4172 oi
600 4109 719 4174 Becket
761 4114 793 4175 ll
805 4133 841 4176 so
856 4115 913 4177 this
928 4118 953 4177 is
967 4116 1016 4178 the
1029 4117 1100 4198 only
1112 4117 1236 4180 allusion
1257 4129 1288 4180 to
1306 4117 1353 4178 the
1365 4125 1435 4188 story

349 4208 386 4269 ol
394 4206 504 4270 Becket
518 4211 549 4270 in
563 4210 612 4270 the
625 4209 777 4292 Drhlogus.
815 4237 818 4244 ¹
1500 4201 1501 4223 ¹

432 4307 450 4366 l
467 4310 515 4368 18.
534 4311 901 4393 optinnlt=oonquered
941 4313 1020 4394 erg
1038 4314 1114 4396 Reg.
1136 4335 1186 4378 xx.
1206 4329 1244 4391 25
1265 4313 1319 4376 ‘Et
1336 4307 1433 4373 videbis
