3096 4832
115 301 151 359 11
168 281 255 380 xvii]
494 289 563 356 'DE
588 286 862 359 SCACCARIO
1165 309 1228 378 -149

115 461 289 545 exigatur,
319 470 357 527 et
386 481 429 530 ne
458 461 489 527 ei
520 482 619 546 super
647 461 766 532 eodem
799 461 999 545 respondeat
1030 465 1230 542 auctoritate

117 566 256 647 publice
278 567 458 648 potestatis
482 566 677 634 inhibeatur.
782 587 784 591 ’

164 667 253 736 Item
270 669 301 734 si
317 669 452 734 debitor
470 689 492 735 a
511 679 672 753 tempore,
686 689 756 753 quo
771 671 840 755 regi
855 669 960 736 teneri
974 673 1073 756 cepit,
1088 671 1227 740 fundum
1240 671 1300 730 xvi

113 791 217 838 suum
240 771 296 840 vel
319 773 488 840 redditum
513 773 569 839 alii
593 771 769 850 locauerit,
783 773 837 841 vel
861 774 982 858 pignus
1006 794 1067 856 pro
1089 778 1229 858 pecunia

114 877 263 956 dederit,
293 876 346 946 vel
374 875 486 956 etiam,
515 876 607 960 quod
636 876 815 942 absurdum
848 877 911 944 tibi
939 877 1024 942 forte
1053 879 1257 958 videbitur,s

56 1020 60 1028 ·
114 981 311 1046 dominium
335 982 405 1047 eius
431 999 490 1064 per
511 981 738 1046 venditionem
761 1002 782 1046 a
802 1001 839 1046 se
860 981 1075 1057 transtulerit,
1096 984 1125 1047 si
1148 984 1229 1058 alias

114 1084 262 1150 inuenta
282 1104 350 1150 non
369 1093 450 1150 sunt
470 1104 609 1168 perque
629 1086 699 1168 regi
713 1083 862 1160 satisfiat,
879 1103 1074 1168 quecunque
1088 1105 1230 1168 persona

113 1188 229 1266 fuerit,
243 1207 446 1272 quocunque
459 1187 559 1255 titulo
573 1190 813 1270 possessionem
833 1197 950 1256 nactus
970 1188 1075 1266 fuerit,
1091 1189 1229 1256 nichilo·

114 1293 231 1358 snmus
252 1311 298 1358 ex
319 1292 437 1358 eadem
456 1291 547 1376 quod
567 1292 612 1358 ad
633 1311 746 1377 regem
767 1291 910 1376 pertinet
929 1291 1120 1376 accipietur,
1136 1293 1229 1368 salua

115 1397 260 1463 domino
276 1396 491 1480 proprietate,
506 1393 563 1479 qui
587 1396 674 1464 iusto
695 1415 770 1465 eam
790 1395 888 1462 titulo
905 1398 1032 1479 ceperit
1052 1397 1228 1481 possidere,
1243 1417 1275 1454 ιο

114 1499 180 1566 nisi
195 1498 285 1566 sorte
305 1499 435 1566 debitor
453 1497 509 1568 ille
527 1498 621 1566 tundi
638 1499 765 1570 venditi
785 1499 928 1582 pretium
943 1501 987 1569 nb
1002 1484 1095 1566 initio
1109 1509 1229 1584 sponte

116 1605 191 1688 regi
215 1603 364 1672 soluerit.
409 1603 505 1670 Tunc
526 1603 614 1670 enim
636 1610 711 1672 tuta
733 1602 795 1673 erit
816 1623 917 1685 penes
940 1611 1126 1688 emptorem
1149 1624 1227 1688 pos·

114 1709 235 1774 sessio.
281 1705 392 1774 Huius
406 1715 520 1774 autem
535 1706 581 1772 rei
596 1725 741 1784 causam,
756 1705 835 1774 licet
851 1706 993 1772 distorta
1010 1707 1178 1774 modicum
1194 1716 1229 1776 et

115 1811 212 1896 regie
233 1817 368 1878 tantum
389 1809 526 1877 utilitati
550 1811 696 1878 seruiens
716 1809 877 1885 videatur,
899 1809 1089 1876 euidentem
1115 1819 1228 1878 tamen

115 1927 152 1982 et
167 1913 251 1982 satis
267 1915 389 1980 iustam
403 1915 585 1983 secundum
600 1914 723 1998 patrias
737 1911 828 1998 leges
842 1912 1086 1996 comprobabis.
1129 1912 1272 1997 Quis-15

116 2019 198 2102 quis
219 2017 311 2084 enim
332 2017 368 2082 in
389 2017 514 2102 regiam
537 2017 746 2084 maiestatem
765 2015 943 2100 deliquisse
959 2017 1227 2100 deprehenditur,

117 2143 186 2188 vno
206 2123 310 2187 trium
330 2121 506 2187 modorum
527 2123 623 2189 iuxta
640 2121 835 2205 qualitatem
856 2121 968 2187 delicti
987 2120 1038 2186 sui
1058 2123 1127 2206 regi
1147 2143 1227 2188 con·

117 2227 332 2310 dempnatur,
348 2235 406 2293 aut
426 2227 512 2296 euim
532 2229 567 2292 in
585 2227 735 2294 uniuerso
755 2224 871 2292 mobili
891 2245 952 2294 suo
970 2246 1045 2292 reus
1062 2227 1228 2292 iudicatur

116 2349 184 2411 pro
207 2328 389 2396 minoribus
410 2329 527 2414 culpis,
548 2339 607 2398 aut
629 2330 664 2396 in
686 2329 841 2396 omnibus
863 2328 1098 2410 immobilibus,
1117 2329 1227 2396 fundis

114 2431 247 2499 scilicet
279 2443 315 2500 et
345 2432 536 2514 redditibus,
566 2441 604 2498 ut
636 2433 683 2500 eis
715 2431 945 2514 exheredetur,
973 2432 1064 2517 quod
1098 2431 1136 2498 lit
1165 2451 1227 2515 pro
1241 2455 1272 2492 πο

116 2536 303 2604 maioribus
321 2535 438 2621 culpis,
451 2547 511 2604 aut
532 2557 594 2620 pro
616 2537 772 2602 maximis
793 2536 1043 2621 quibuscunque
1057 2533 1110 2598 vel
1132 2554 1225 2598 enor-
1327 2550 1330 2558 ·

116 2640 231 2706 mibus
253 2637 389 2720 delictis,
418 2639 453 2706 ln
482 2640 586 2708 vitam
614 2661 709 2706 suam
731 2637 786 2707 vet
809 2640 968 2707 membra.
1013 2637 1099 2705 Cum
1125 2636 1226 2722 igitur

115 2743 240 2826 aliquis
259 2744 302 2810 de
320 2743 497 2814 mobilibus
517 2745 552 2810 in
571 2743 780 2828 beneplacito
798 2743 885 2827 regis
906 2742 1078 2818 iudicatur,
1099 2739 1169 2806 lata
1191 2741 1225 2806 in

114 2867 199 2914 eum
227 2867 249 2912 a
276 2847 439 2916 iudicibus
467 2849 632 2916 sententia
665 2867 725 2933 per
754 2846 815 2916 bec
843 2847 955 2926 verba,
986 2845 1075 2912 ‘Iste
1106 2853 1157 2910 est
1190 2845 1224 2910 in

114 2949 346 3018 misericordia
365 2953 452 3034 regis
470 2952 516 3019 de
535 2952 675 3036 pecunia
694 2949 772 3033 sua'
788 2951 879 3024 idem
894 2959 945 3020 est
959 2968 1000 3018 ac
1013 2950 1042 3016 si
1055 2949 1118 3014 ‘de
1133 2946 1224 3015 tota'
1238 2967 1269 3020 τε

115 3055 284 3122 dixissent
296 3077 306 3136 ;
338 3054 499 3122 laicorum
522 3056 611 3122 enim
640 3053 809 3122 indefinite
834 3074 903 3121 non
927 3055 990 3134 his,
1015 3075 1077 3138 pro
1105 3055 1224 3138 quibus

115 3159 226 3226 tutius
250 3170 301 3226 est
331 3179 388 3227 eas
412 3160 528 3244 accipi,
552 3159 617 3226 hoc
642 3170 693 3228 est
718 3157 980 3244 particularibus,
1005 3158 1064 3228 sed
1084 3178 1224 3242 ¹semper

115 3262 360 3330 uniuersalibus
383 3263 595 3348 equipollent.
639 3263 726 3332 Cum
749 3262 847 3345 igitur
869 3260 962 3328 tundi
983 3261 1071 3330 illius
1093 3262 1224 3342 catalla,

116 3385 221 3450 quem
240 3365 373 3432 debitor
391 3375 469 3453 post
488 3366 654 3448 distraxit,
670 3368 704 3431 in
720 3364 931 3450 beneplacito
952 3365 1110 3451 principis
1129 3367 1224 3432 adiu·
1311 3391 1315 3398 ·

115 3471 231 3538 dicate
249 3470 387 3539 fuissent
406 3479 442 3540 et
462 3471 533 3556 ipse
551 3472 596 3542 de
614 3470 773 3555 requisita
791 3489 922 3536 summa
939 3491 1005 3537 non
1021 3469 1224 3551 satisfecerit,
1236 3484 1269 3536 30

114 3574 224 3642 videri
246 3583 359 3660 potest
380 3574 536 3646 iniustum
557 3584 596 3644 vt
616 3595 687 3645 rem
708 3593 776 3646 nou
798 3593 894 3648 suam
915 3573 951 3638 in
972 3573 1042 3640 fisci
1061 3575 1222 3642 mmumm
1263 3617 1265 3622 -

114 3677 323 3748 elieneuerit.

162 3780 252 3848 Item
265 3781 496 3852 admonendus
511 3791 562 3851 est
575 3783 760 3852 vicecomes
774 3790 911 3868 propter
924 3780 1003 3846 fidei
1018 3779 1221 3866 religionem,
1234 3791 1308 3850 xvll

115 3886 211 3968 quod
225 3887 270 3952 ab
286 3887 359 3972 ipso
373 3887 418 3956 de
434 3905 503 3956 uon
521 3885 725 3956 soluentibus
744 3885 901 3970 exigitur,
914 3884 1018 3955 immo
1032 3903 1135 3968 quam
1149 3882 1221 3968 ipse

151 4103 248 4232 {tetigi
260 4121 317 4231 mii,
328 4103 600 4231 tempgrergl'mte
611 4101 852 4232 &immuni
861 4103 946 4229 cuno
958 4187 1003 4227 om
1013 4099 1221 4227 §Ramffiif

114 4189 501 4390 Ξὲἢῳίἒιρωοωῶρ
533 4245 734 4304 endilectisR
796 4186 966 4318 23i1⁷11etR
1004 4169 1225 4312 'zyacoeptri
