3096 4832
347 327 409 397 130
712 305 779 373 DE
802 301 1077 373 SCACCARIO
1283 301 1329 396 [11
1343 305 1402 372 viii
1417 320 1443 371 A
1525 309 1526 312 ’

344 483 422 548 inde
440 481 540 547 breue
561 477 647 564 regis
666 481 710 547 ad
727 479 928 546 scaccarium
949 479 1013 546 sub
1033 477 1225 546 testimonio
1243 479 1443 563 presidentis
1525 499 1526 540 Τ

344 596 380 652 et
393 583 526 650 alterius
539 603 639 668 quem
654 585 837 669 preceperit
853 583 966 667 inquo
980 603 1111 648 summa
1126 582 1183 648 illa
1193 584 1236 649 de
1249 603 1317 667 qua
1327 584 1443 649 testati
1525 659 1526 662 Ἴ

344 697 422 754 sunt
454 698 490 754 et
521 688 603 754 item
637 689 770 754 nomina
804 689 980 754 custodum
1013 688 1262 771 exprimentum
1298 699 1333 754 et
1362 699 1442 753 tunc
1525 769 1526 776 ἵ

343 793 479 860 demum
501 793 685 859 vicecomiti
705 791 961 876 computabitur.
1005 791 1108 876 Quod
1128 791 1156 856 si
1176 812 1238 875 per
1258 792 1321 860 hec
1342 793 1444 858 missa

313 906 610 976 5consummatum
636 896 724 981 regis
749 916 836 980 opus
861 895 966 972 fuerit,
994 897 1139 980 primum
1164 897 1247 962 iliud
1276 897 1378 962 breue
1400 899 1444 962 de
1525 899 1526 964 ᾗ

343 1001 534 1068 necessariis
558 999 794 1078 ministrandis,
816 1001 908 1084 quod
930 1000 1114 1065 vicecomiti
1140 1000 1303 1065 directum
1325 1010 1386 1081 est,
1408 1011 1444 1067 et

342 1105 406 1171 hoc
427 1105 591 1184 vitimum,
604 1105 696 1188 quod
717 1103 762 1170 ad
780 1103 981 1169 scaccarium
1003 1102 1054 1184 fit,
1073 1103 1107 1168 in
1129 1103 1236 1168 forulo
1259 1103 1444 1170 marescalli

342 1209 386 1274 de
407 1209 572 1292 compotis
593 1206 689 1273 iactis
709 1205 933 1274 recluduntur.
977 1207 1014 1273 Si
1036 1208 1118 1292 quid
1140 1217 1253 1274 autem
1273 1217 1378 1272 restat
1399 1210 1443 1274 de

341 1315 415 1397 ipso
442 1333 543 1397 opere
565 1310 765 1388 iaciendum,
786 1311 971 1377 vicecomes
1001 1313 1093 1395 quod
1117 1311 1180 1377 sibi
1202 1312 1365 1377 directum
1392 1321 1443 1378 est

296 1437 329 1476 ιο
342 1416 443 1481 breue
461 1435 566 1500 vsque
585 1416 628 1480 ad
644 1415 734 1481 idem
754 1435 839 1498 opus
859 1413 1062 1499 completum
1078 1437 1179 1501 penes
1194 1435 1230 1480 se
1251 1417 1442 1495 reseruabir,

340 1530 378 1586 vt
399 1522 476 1586 hinc
496 1521 538 1585 sit
559 1519 589 1584 ei
609 1518 789 1586 auctoritas
809 1518 901 1604 operi
921 1518 1122 1603 perficiendo
1142 1519 1324 1585 necessaria
1346 1520 1443 1584 mini·
1525 1521 1526 1598 j

341 1632 455 1690 strare.
501 1623 679 1707 Reliquum
704 1643 783 1688 vero
808 1622 841 1686 in
866 1621 974 1688 forulo
1003 1624 1048 1689 de
1073 1644 1141 1708 quo
1163 1625 1290 1689 dictum
1315 1633 1375 1702 est,
1391 1645 1443 1687 re·

342 1728 501 1796 cludetur.
546 1727 633 1793 Cum
654 1727 742 1792 enim
758 1726 919 1792 scribatur
934 1727 967 1791 in
983 1727 1093 1792 annali
1109 1727 1161 1791 ‘in
1176 1727 1368 1812 operatione
1385 1727 1444 1792 iila
1525 1721 1526 1774 l

340 1855 369 1898 c.
385 1831 501 1898 libras’
526 1840 662 1916 oportet
682 1839 922 1914 consequenter
942 1832 1067 1916 apponi
1082 1839 1090 1868 ‘
1103 1851 1164 1915 per
1183 1830 1283 1897 breue
1306 1833 1393 1915 regis
1407 1841 1442 1896 et

297 1969 327 2020 1⁵
341 1957 401 2023 per
424 1937 533 2002 visum
558 1936 677 2000 horum
701 1933 754 2000 N?
798 1932 900 2018 Quod
926 1933 954 1998 si
977 1955 1045 2029 pon
1072 1944 1204 2000 extaret
1229 1936 1330 2001 breue
1356 1937 1442 2020 regis

307 2057 514 2106 Bnumerum
529 2039 638 2123 ipsum
654 2049 689 2104 ct
704 2039 837 2103 nomina
854 2039 1031 2103 custodum
1050 2039 1223 2105 continens
1241 2038 1325 2104 falsa
1338 2039 1442 2104 videri

340 2151 456 2228 posset
469 2143 630 2226 scriptura
645 2143 743 2208 rotuli
758 2142 900 2209 dicentis
916 2146 992 2228 ‘per
1009 2143 1112 2208 breue
1128 2138 1235 2228 regis’
1525 2131 1526 2218 i

384 2245 580 2330 Discipulus.
626 2247 665 2310 In
680 2246 744 2313 hoc
758 2245 860 2312 verbo
878 2247 925 2312 sic
940 2247 1020 2312 mihi
1036 2245 1242 2313 satisfactum
1260 2257 1313 2312 est
1327 2256 1363 2312 vt
1378 2246 1440 2311 hiis
1525 2245 1526 2316 l

342 2353 385 2418 ad
400 2372 466 2435 que
480 2351 676 2435 requirenda
691 2349 757 2416 iam
773 2370 831 2416 ora
849 2349 1044 2416 laxaueram
1060 2360 1179 2433 sponte
1197 2353 1441 2435 supersedeam.
1525 2367 1526 2428 l

298 2477 330 2515 πο
344 2453 431 2522 Cum
446 2456 534 2520 enirn
548 2454 733 2520 vicecomiti
748 2454 897 2519 delatum
913 2456 957 2520 sit
971 2456 1074 2520 breue
1093 2455 1179 2537 regis
1194 2456 1237 2520 de
1253 2441 1440 2520 necessariis
1525 2487 1526 2508 κ

342 2561 387 2631 ad
407 2560 471 2625 hoc
493 2558 546 2625 vel
567 2560 611 2624 ad
635 2558 718 2624 illud
739 2578 824 2642 opus
847 2559 1060 2638 inueniendis‚
1083 2565 1116 2624 et
1139 2558 1182 2623 sit
1199 2559 1367 2625 adiectum
1391 2566 1442 2623 ‘et

343 2663 592 2747 computabitur
606 2662 669 2727 tibi
683 2663 727 2727 ad
742 2662 942 2728 scaccarium
955 2659 962 2686 ’
978 2661 1031 2725 vel
1050 2660 1114 2726 hoc
1130 2661 1268 2726 ‘Inueni
1286 2662 1329 2727 de
1347 2662 1441 2727 firma

342 2768 421 2834 tua'
454 2768 547 2852 quod
585 2767 734 2832 eiusdem
773 2786 859 2850 pene
896 2774 948 2832 est
984 2765 1202 2842 auctoritatis,
1239 2765 1440 2851 superfluum

344 2873 519 2938 videbatur
543 2880 580 2936 vt
602 2891 701 2954 super
722 2869 789 2936 alio
813 2869 905 2934 breui
927 2869 1088 2934 sollicitus
1113 2878 1211 2934 esset.
1257 2869 1329 2934 Nec
1354 2869 1438 2934 enim
1525 2941 1526 2948 p

300 2995 331 3046 25
346 2959 570 3060 intelligebam
599 2975 691 3059 quod
721 2974 754 3037 in
790 2973 863 3056 ipso
896 2971 989 3036 breui
1022 2992 1178 3038 numerus
1209 2983 1297 3038 essct
1331 2975 1438 3058 expri-

346 3080 488 3144 mendus
506 3087 544 3142 vt
561 3078 656 3144 sicin
671 3077 789 3143 eodem
804 3076 978 3142 verborum
993 3086 1109 3143 tenore
1125 3077 1292 3143 autentico
1308 3096 1437 3162 respon·

345 3184 424 3248 deat
440 3181 559 3246 annali.
1395 3197 1403 3210 ·

297 3255 335 3382 ¹}
386 3285 566 3367 Magister.
614 3284 766 3370 intellige
788 3283 935 3350 similiter
955 3283 1047 3367 quod
1070 3283 1103 3349 in
1125 3283 1279 3350 scaccarii
1301 3283 1439 3369 negotiis

346 3407 439 3455 secus
466 3398 516 3453 est
539 3409 639 3470 quam
661 3389 695 3453 in
717 3387 798 3452 aliis.
844 3388 975 3454 Dicitur
1001 3387 1088 3452 enim
1112 3387 1146 3452 in
1167 3389 1333 3472 plerisque
1352 3387 1438 3472 quod

302 3512 334 3561 ³0
347 3495 523 3574 ‘expressa
540 3501 660 3557 nocent
674 3513 740 3557 non
756 3511 915 3576 expressa
929 3511 997 3556 non
1015 3491 1174 3569 nocent'3
1194 3511 1309 3556 verum

447 3595 521 3660 ‘hic
547 3615 705 3681 expressa
727 3595 842 3662 iuuant
864 3604 898 3660 et
920 3616 987 3660 non
1009 3615 1167 3679 expressa
1186 3579 1346 3679 fatigant'

346 3699 449 3766 Verbi
470 3697 576 3782 gratia
590 3719 599 3778 ;
614 3699 641 3763 si
657 3707 788 3764 tenetur
803 3699 877 3782 quis
889 3699 958 3782 regi
975 3699 1008 3763 in
1024 3719 1052 3764 c.
1070 3709 1105 3764 et
1120 3700 1219 3763 breue
1234 3700 1305 3763 eius
1317 3697 1440 3764 deserat

346 3802 390 3870 ad
402 3801 602 3868 scaccarium
622 3811 658 3866 vt
673 3802 805 3885 quietus
819 3803 862 3868 sit
875 3805 918 3868 de
934 3802 1049 3867 debito
1060 3803 1152 3886 quod
1167 3803 1199 3866 ei
1221 3801 1331 3880 debet,
1341 3802 1439 3866 addat

347 3907 447 3973 etiam
460 3913 542 3985 toto,
555 3914 588 3970 et
599 3925 732 3970 causam
746 3906 845 3970 simui
856 3906 1023 3990 exprimat
1035 3915 1086 3970 set
1101 3926 1168 3970 nou
1182 3925 1366 3984 numerum,
1378 3923 1438 3970 non

299 4030 332 4084 as
345 4020 483 4097 propter
497 4008 561 4074 hoc
574 4006 775 4090 absolvetur,
789 4017 841 4074 set
856 4009 963 4093 magis
978 4028 1038 4092 per
1051 4009 1115 4074 hoc
1129 4009 1323 4074 dilationem
1340 4025 1438 4092 vsque

381 4183 557 4240 aetom.N
630 4181 698 4254 quo]
712 4199 768 4254 qua
782 4182 819 4237 Ν
884 4181 1184 4250 avicecomitiom.R
1252 4181 1340 4238 missa
1351 4179 1437 4236 onaR

348 4256 499 4323 15horum
512 4252 604 4309 om.C
678 4269 735 4309 non
747 4269 800 4308 om.
812 4253 849 4310 N
917 4253 1161 4323 281ntelligiteR
1231 4267 1274 4323 30,
1287 4267 1319 4322 31
1339 4258 1435 4308 nocent

344 4339 403 4377 non
416 4363 424 4378 .
436 4361 445 4378 .
456 4363 464 4380 .
476 4324 523 4379 hic
533 4339 667 4394 expressa
678 4339 731 4378 om.
742 4325 771 4378 R
840 4336 876 4392 30
892 4337 950 4378 non
962 4339 1093 4394 expressa
1104 4341 1161 4381 nou
1171 4334 1276 4380 nocent
1287 4341 1339 4380 om.
1352 4323 1376 4380 C
