3096 4832
323 271 367 360 9⁶
692 271 761 339 ns
784 270 1062 344 scAccAmo
1281 269 1424 365 [wne

323 443 577 513 summationem
606 444 751 512 termino
776 444 882 511 sancti
911 445 1083 514 Michaelis
1113 447 1280 512 resemari
1335 446 1424 514 Cum

323 549 424 635 igitur
443 548 599 634 possibile
618 547 670 630 sit,
691 549 795 615 immo
812 560 848 615 et
866 548 1055 634 frequenter
1074 551 1254 635 contingat,
1278 551 1423 636 aliquem
1537 607 1538 612 ,

323 675 368 721 ex
395 653 480 736 regis
507 653 665 719 mandato
692 653 724 718 in
754 653 898 720 termino
921 653 1048 722 Pasche
1068 656 1112 722 ad
1133 655 1196 723 hec
1217 659 1341 722 assumi
1364 657 1422 742 qui

322 757 512 823 intermino
526 757 632 823 sancti
649 756 821 823 Michaelis
836 757 888 823 vel
903 755 963 824 sati
978 757 1092 826 debita
1108 760 1211 826 soluit
1225 761 1280 826 vel
1297 762 1341 827 ad
1357 759 1424 826 alia

295 863 414 946 sregni
435 861 569 946 negotia
594 861 753 926 mandato
768 863 854 946 regis
883 861 1077 929 transfertur
1098 863 1162 942 vel,
1188 865 1279 948 quod
1304 865 1423 932 fortius

322 965 522 1052 quibusdam
533 964 640 1030 visum
651 974 711 1044 est,
727 966 838 1033 medio
855 976 1006 1051 tempore
1020 968 1160 1054 principi
1174 968 1282 1036 factus
1297 989 1423 1036 exosus
1538 1041 1539 1046 ἵ

322 1081 392 1137 tam
408 1069 647 1136 excellentibus
665 1071 811 1153 negociis
826 1071 980 1154 indignus
994 1071 1178 1151 iudicatur;
1202 1093 1307 1156 quero
1323 1074 1422 1159 siqui

322 1174 520 1241 intermino
542 1173 668 1240 Pasche
690 1175 822 1257 quietus
838 1184 890 1240 est
908 1195 975 1258 quo
997 1195 1103 1259 pauca
1124 1176 1344 1243 terminantur
1370 1189 1422 1245 set

322 1279 435 1345 omnia
456 1299 516 1363 per
538 1279 690 1345 iteratam
712 1279 1002 1345 summonitionem
1032 1280 1239 1360 inponantur,
1265 1280 1320 1346 hic
1342 1282 1420 1348 talis

280 1382 356 1447 zoin
379 1383 520 1448 termino
542 1381 648 1448 sancti
674 1381 845 1448 Michaelis
871 1381 1001 1449 absolui
1023 1393 1197 1460 mereatur,
1219 1403 1296 1450 cum
1318 1384 1421 1450 etiam

322 1497 358 1554 et
388 1487 539 1554 scaccarii
572 1485 753 1552 sessionem
789 1494 823 1553 et
855 1487 963 1571 ipsam
996 1487 1151 1573 principis
1182 1489 1325 1574 gratiam
1363 1490 1422 1556 de·
1539 1500 1540 1538 r

324 1591 487 1658 meruerit.

365 1695 542 1780 Magister.
587 1693 643 1760 Ad
667 1693 764 1760 huius
783 1695 966 1778 questionis
989 1703 1118 1780 partem
1140 1704 1316 1779 vtramque
1341 1716 1423 1763 con·

322 1801 514 1867 struendam
525 1799 660 1883 copiosa
671 1797 868 1864 forsitanest
880 1799 1046 1865 rationum
1058 1799 1214 1881 inventio,
1225 1803 1421 1868 setnoueris

277 1917 308 1982 ¹5
323 1904 412 1989 regie
430 1899 652 1968 munificentie
674 1901 861 1970 libertatern
880 1913 958 1988 post
978 1901 1081 1970 semel
1101 1903 1264 1969 indultam
1287 1904 1423 1972 absolu·

322 2009 422 2074 tionis
450 2007 591 2092 gratiam
620 2005 721 2074 etiam
749 2025 827 2072 cum
856 2007 995 2091 pecunie
1023 2007 1199 2093 dispendio
1228 2010 1261 2073 in
1290 2017 1420 2094 partem
1540 2003 1541 2010 ἶ

287 2112 491 2178 rmeliorem
527 2131 659 2196 semper
696 2131 768 2176 esse
792 2110 991 2194 proniorem.
1046 2110 1183 2196 Quippe
1219 2112 1333 2178 similis
1369 2121 1422 2178 est

322 2217 487 2282 donorum
520 2224 554 2280 et
584 2215 805 2299 perdonorum
829 2213 916 2298 regis
941 2213 1025 2279 ratio
1053 2225 1100 2291 vt,
1122 2217 1208 2281 sicut
1236 2215 1326 2281 dona
1349 2217 1421 2281 eius

322 2317 468 2386 reuocari
490 2317 543 2382 vel
566 2319 670 2403 repeti
692 2338 759 2383 non
781 2315 915 2397 debent,
930 2317 978 2383 sic
999 2337 1059 2383 nec
1084 2317 1170 2403 regis
1192 2318 1340 2399 dimissa,
1356 2340 1422 2404 que

279 2423 423 2509 novulgo
448 2423 632 2509 perdonata
657 2423 821 2506 dicuntur,
848 2431 1016 2506 nequeunt
1040 2423 1074 2486 in
1101 2423 1228 2488 irritum
1254 2424 1420 2490 deuocari.
1541 2416 1542 2474 l

323 2528 424 2594 Liber
439 2528 539 2614 igitur
556 2535 590 2592 et
606 2525 779 2593 absolutus
800 2527 828 2591 is
842 2535 894 2592 est
914 2525 947 2590 in
965 2525 1107 2592 termino
1126 2528 1421 2594 consummationis

321 2634 378 2718 qui
393 2652 590 2717 quocunque
606 2631 707 2696 modo
722 2631 756 2694 in
771 2630 960 2716 precedenti
976 2631 1096 2696 meruit
1110 2630 1248 2698 absolui

366 2735 561 2820 Discipulos.
606 2735 748 2800 Mouent
783 2753 836 2798 me
862 2733 1007 2817 quedam
1038 2751 1103 2818 que
1139 2735 1290 2817 predicta
1322 2747 1421 2815 sunt;

322 2841 430 2925 primo
456 2843 547 2924 quod
576 2839 657 2906 dicis
687 2837 813 2921 aliquid
843 2835 941 2903 alicui
970 2837 1093 2903 dimitti
1122 2837 1186 2902 sub
1215 2838 1279 2904 hoc
1305 2846 1420 2908 tenore

278 2967 308 3021 ²5
322 2945 497 3011 verborum
513 2943 572 3008 ‘ln
593 2942 747 3027 perdonis
767 2961 827 3027 per
846 2942 947 3006 breue
969 2940 1057 3025 regis
1078 2939 1123 3005 illi
1143 2941 1196 3006 vel
1218 2941 1264 3006 illi
1283 2943 1348 3008 hoc
1370 2942 1421 3010 vel

322 3045 424 3126 illud‚’
439 3068 515 3113 cum
530 3057 643 3112 tamen
657 3043 784 3111 nullum
799 3043 901 3111 breue
916 3045 1001 3129 regis
1015 3045 1215 3110 dimissionis
1229 3046 1419 3112 obtinuerit

322 3149 402 3234 Quo
417 3152 520 3216 modo
534 3151 622 3216 enim
638 3150 707 3214 fieri
723 3160 836 3235 posset
850 3157 888 3214 vt
902 3149 950 3214 sic
968 3147 1051 3214 salsa
1065 3169 1132 3215 non
1151 3149 1419 3234 deprehendatur

321 3253 484 3337 scriptura
498 3253 598 3319 rotuli
614 3274 682 3319 non
696 3255 806 3318 video.

364 3357 538 3441 Magister.
583 3358 701 3423 Mouet
719 3367 762 3436 te,
777 3377 837 3423 nec
859 3355 1021 3434 inmerito,
1036 3357 1127 3440 quod
1148 3378 1202 3424 me
1216 3357 1274 3423 diu
1293 3359 1420 3438 mouit;

276 3482 309 3535 30
322 3468 477 3543 atquevt
491 3460 601 3540 credo,
612 3463 760 3527 nondum
776 3459 886 3546 patuit
901 3461 1055 3526 omnibus
1074 3459 1134 3528 hec
1149 3462 1311 3545 scripture
1326 3462 1421 3540 ratio,

321 3563 418 3642 vnde,
440 3562 515 3628 licet
531 3583 598 3628 non
615 3563 658 3628 sit
676 3583 834 3648 magnum
848 3565 940 3647 quod
959 3564 1054 3648 petis,
1070 3573 1219 3631 attamen
1240 3575 1294 3630 est
1311 3565 1420 3632 insoli-

321 3677 393 3733 tum
405 3676 439 3733 et
449 3667 581 3731 videtur
589 3667 769 3732 absurdum
782 3677 818 3733 vt
830 3688 889 3750 per
899 3667 1000 3733 breue
1009 3667 1095 3751 regis
1106 3669 1236 3734 dicatur
1245 3669 1419 3734 dimissum

320 3771 413 3854 quod
435 3769 504 3834 sine
526 3769 617 3834 breui
639 3789 771 3854 semper
787 3782 838 3836 est
859 3771 1106 3837 dimittendum.
1152 3771 1204 3836 Ea
1223 3782 1362 3856 propter
1378 3773 1422 3838 de

321 3874 384 3941 hac
411 3875 485 3960 ipsa
513 3872 674 3939 sollicitus
704 3872 751 3938 sui
780 3875 866 3939 circa
892 3875 1066 3940 dominum
1097 3873 1289 3958 Elyensem‚
1314 3876 1421 3940 virum

275 4001 307 4053 ss
320 3980 434 4063 itaque
456 3975 553 4042 huius
572 3975 670 4041 officii
696 3976 940 4061 peritissimum,
961 3979 1055 4043 cuius
1082 3978 1242 4044 memoria
1263 3980 1297 4042 in
1319 3981 1422 4044 bene·

320 4085 465 4150 dictione
480 4081 523 4146 sit
537 4079 570 4146 in
586 4090 745 4146 eternum.
792 4081 859 4146 Hic
874 4079 1006 4147 illustris
1021 4081 1109 4148 illius
1126 4081 1318 4167 Anglorum
1335 4083 1421 4167 regis

355 4219 475 4275 aimmo
488 4217 580 4273 συιδ
644 4215 866 4286 7indignumR
925 4215 1028 4290 8quo]
1040 4217 1145 4290 postC
1207 4215 1305 4290 9per]
1318 4218 1425 4291 postc

322 4303 353 4358 17
373 4287 484 4362 similis]
498 4287 581 4345 simul
595 4287 643 4343 N:
663 4286 791 4344 similiter
804 4287 830 4342 R
