3086 4822
313 323 355 392 σα
682 319 749 386 DE
771 315 1045 387 SCACCARIO
1292 311 1415 405 [1iiin

311 492 399 576 regis
434 491 630 573 utilitatem·
653 491 747 558 salua
781 499 896 556 tamen
925 488 1083 573 equitate,
1118 487 1191 573 pari
1227 487 1415 556 intentione

311 596 472 674 deuotam
487 589 604 662 omnes
615 595 749 679 quidem
766 593 977 660 dominorum
992 609 1127 658 suorum
1142 592 1330 660 nominibus
1345 613 1413 660 non

310 698 455 786 propriis
470 699 661 781 militantes,
670 699 822 782 exceptis
831 697 963 763 duobus
972 697 1163 776 dumtaxat.
1171 697 1278 764 milite
1288 697 1414 764 scilicet

311 802 368 887 qui
389 812 501 886 preest
522 803 742 879 examinibus,
758 809 793 866 et
812 801 930 867 fusore
976 800 1109 866 Horum
1129 802 1218 868 enim
1240 801 1348 868 officia
1370 803 1414 868 de

283 933 297 986 5
312 907 397 990 regis
406 916 538 973 tantum
550 908 696 992 pendent
710 905 856 982 arbitrio,
864 906 952 972 vnde
967 904 1074 988 magis
1087 906 1130 971 ad
1146 905 1296 988 superius
1310 925 1413 988 quarn

311 1011 355 1076 ad
370 1009 504 1076 inferius
519 1011 689 1094 pertinere
697 1009 861 1088 videntur,
876 1009 960 1074 sicut
976 1007 1060 1074 inira
1074 1009 1208 1075 dicetur.

356 1115 428 1180 illic
452 1125 504 1182 est
524 1114 664 1182 clericus
686 1114 882 1180 tlresaurarii
904 1133 980 1180 cum
1002 1112 1112 1199 sigillo
1137 1113 1216 1180 eius.
1260 1111 1349 1180 Sunt
1379 1125 1414 1180 et

310 1219 379 1285 duo
394 1218 515 1286 milites
530 1218 794 1286 camerariorum.
838 1218 902 1284 Est
917 1215 952 1284 'et
967 1215 1063 1283 miles
1072 1217 1209 1302 quidam
1220 1218 1279 1300 qui
1293 1237 1413 1300 argen-

311 1323 415 1389 tarius
444 1323 512 1388 dici
541 1331 654 1407 potest
685 1322 764 1406 quia
796 1341 841 1388 err
870 1321 982 1389 officio
1015 1331 1155 1406 argento
1186 1323 1415 1388 examinando

269 1434 430 1512 repreest.
475 1427 538 1492 Est
564 1437 599 1492 et
628 1427 720 1492 fusor
748 1426 806 1511 qui
834 1436 1010 1509 argentum
1040 1427 1221 1492 examinat.
1266 1423 1355 1492 Sunt
1379 1435 1414 1491 et

311 1540 456 1614 quatuor
474 1539 722 1614 computatores
741 1531 785 1596 ad
806 1530 1047 1598 numerandam
1067 1531 1253 1614 pecuniam.
1298 1530 1362 1596 Est
1380 1539 1415 1596 et

311 1633 490 1701 hostiarius
505 1634 650 1700 thesauri
665 1643 699 1700 et
714 1633 804 1718 vigil.
851 1633 983 1700 Horum
999 1641 1111 1700 autem
1126 1633 1188 1700 hec
1202 1642 1279 1699 sunt
1294 1633 1414 1699 officia.

312 1737 460 1804 Clericus
485 1737 680 1804 thesaurarii
710 1757 787 1804 cum
816 1736 915 1804 luerit
944 1747 1116 1804 numerata
1145 1736 1287 1822 pecunia
1315 1746 1350 1802 et
1380 1739 1414 1804 in

311 1841 435 1908 londos
457 1841 560 1908 missa
582 1861 642 1925 per
663 1832 819 1907 centenas
841 1839 942 1908 libras
964 1841 1104 1926 apponit
1125 1840 1270 1926 sigillum
1294 1850 1329 1908 et
1354 1843 1414 1908 de-

268 1966 298 2020 ¹5
312 1955 410 2032 putat
435 1946 559 2030 scripto
584 1954 746 2030 quantum
771 1944 824 2010 vel
851 1965 872 2010 a
897 1965 966 2028 quo
990 1945 1045 2012 vel
1075 1945 1120 2012 ob
1148 1963 1250 2028 quam
1279 1965 1415 2012 causam

313 2049 479 2131 receperit.
524 2049 645 2114 Talees
665 2069 800 2134 quoque
820 2049 863 2114 de
885 2049 1002 2116 eadem
1024 2059 1158 2133 recepta
1182 2071 1204 2115 a
1229 2049 1417 2116 camerariis

197 2187 200 2196 ⁴
311 2149 415 2218 iactas
435 2151 619 2219 imbreuiat.
664 2152 742 2218 Non
761 2150 871 2217 solum
891 2161 1003 2218 autem
1023 2152 1164 2236 pecunie
1183 2154 1288 2220 saccis
1305 2153 1415 2218 sedet

310 2254 419 2322 archis
444 2263 478 2320 et
503 2255 640 2340 singulis
666 2254 780 2320 forulis
806 2255 840 2320 in
865 2255 986 2339 quibus
1007 2253 1106 2322 rotuli
1127 2254 1181 2320 vel
1203 2255 1291 2323 talee
1312 2255 1417 2322 eollo·

312 2369 430 2426 cantur
444 2360 471 2424 si
487 2358 568 2426 libet
582 2361 721 2445 apponit
735 2359 879 2444 sigillum
896 2368 930 2425 et
945 2359 988 2425 ad
1003 2360 1116 2425 omnia
1135 2361 1285 2438 subiecta
1305 2359 1417 2427 officia

269 2467 301 2569 ’g
313 2463 489 2550 diligenter
503 2463 662 2548 prospicit
677 2473 711 2528 et
725 2462 771 2528 nil
785 2483 863 2530 eum
878 2461 969 2530 latet.
1006 2463 1162 2545 Militum,
1180 2465 1288 2548 quiet
1303 2483 1417 2530 came·

313 2570 388 2634 rarii
399 2567 553 2634 dicuntur
561 2569 640 2651 quia
652 2587 713 2652 pro
724 2567 910 2634 camerariis
919 2567 1186 2645 ministrant‚hoc
1198 2566 1417 2633 estoliicium.

314 2672 374 2738 Hii
389 2672 499 2740 claues
518 2673 691 2740 archarum
710 2669 868 2748 baiulent,
881 2669 981 2737 arche
999 2671 1088 2736 enirn
1108 2671 1244 2738 cuilibet
1263 2672 1328 2744 due
1341 2691 1419 2736 sere

312 2787 390 2843 sunt
415 2777 536 2843 diuersi
563 2777 712 2860 generis3
745 2773 809 2840 hoc
835 2785 886 2840 est
910 2774 1002 2839 cuius
1023 2776 1131 2840 neutri
1154 2775 1258 2842 clauis
1278 2773 1419 2842 alterius

311 2881 418 2966 pomit
442 2881 629 2966 aptari-et
654 2879 700 2944 hii
725 2877 836 2944 claues
861 2897 976 2944 earum
1006 2877 1167 2945 deserunt.
1211 2878 1418 2945 circumcin-

269 3009 299 3060 η
312 2985 401 3070 gitur
424 2993 538 3050 autem
562 2982 711 3066 quelibet
735 2981 835 3048 archa
860 2982 999 3068 corrigia
1020 2985 1167 3067 quadarn
1193 2983 1354 3050 immobili
1380 2984 1420 3050 in

313 3106 380 3170 qua
401 3088 551 3172 desuper,
573 3086 710 3152 firmatis
732 3085 822 3162 seris,
844 3084 1038 3152 thesaurarii
1063 3085 1209 3172 sigillum
1235 3087 1419 3173 apponitur
1527 3175 1530 3179 .

312 3199 351 3254 vt
372 3189 453 3254 nulli
474 3210 590 3256 eorum
611 3190 674 3256 nisi
697 3190 740 3256 de
765 3190 930 3256 communi
955 3209 1091 3257 assensu
1117 3211 1269 3258 accessus
1291 3194 1419 3276 pateat.

316 3292 402 3358 Item
424 3293 568 3360 officium
590 3292 709 3359 horum
729 3305 780 3360 est
800 3302 1005 3360 numeratam
1025 3293 1199 3378 pecuniam
1219 3295 1307 3361 etin
1326 3296 1420 3360 vasis

313 3396 432 3480 ligneis
452 3417 512 3480 per
530 3407 688 3465 centenos
707 3399 832 3465 solidos
852 3398 1071 3482 compositam
1090 3401 1286 3484 ponderare,
1307 3419 1349 3464 ne
1371 3401 1420 3467 sit

269 3525 302 3576 ³0
314 3518 405 3564 error
429 3501 463 3564 in
489 3521 637 3580 numero,
662 3512 697 3568 et
723 3514 804 3571 tunc
827 3505 966 3570 demum
990 3503 1023 3568 in
1048 3503 1171 3570 forulos
1198 3505 1331 3570 mittere
1355 3525 1420 3589 per

313 3611 478 3682 centenas,
496 3615 533 3670 vt
552 3605 680 3672 dictum
704 3615 765 3689 est,
787 3607 896 3675 libras.
942 3607 1044 3692 Quod
1066 3609 1095 3673 si
1117 3629 1176 3674 vas
1202 3609 1338 3692 aliquod
1365 3611 1420 3674 in·

313 3716 449 3773 uentum
469 3718 521 3774 ert
547 3708 655 3775 minus
678 3710 816 3791 babens,
832 3731 900 3778 non
925 3711 1060 3796 quidem
1084 3727 1156 3796 per·
1169 3712 1421 3780 estimationem

313 3811 405 3895 quod
434 3811 549 3878 deesse
579 3821 715 3896 putatur
747 3815 927 3901 apponitur
955 3815 1014 3881 sed
1046 3816 1162 3882 statim
1195 3815 1229 3881 in
1259 3835 1420 3882 aceruum

313 3928 525 4058 d³ddxrdmldt
536 3948 589 3988 om.
601 3932 639 3987 N
734 3933 821 4060 mikte
833 3951 887 3990 om.
900 3935 939 3992 C:
953 3933 1088 3991 militibus
1099 3935 1225 4062 [ζ’σονν.
1270 3934 1423 4061 adsdcilicet]

317 4013 459 4154 dahas}
472 4076 539 4158 post
554 4013 801 4175 rrudspffl‘c
815 4021 910 4144 ‘miq
930 4011 1314 4160 apphfflnffluhnt
1327 4009 1425 4137 effi

314 4145 606 4294 tttnitltttl:
618 4157 656 4269 it
672 4146 1133 4288 btsstlttlllfittltlal
1144 4148 1230 4274 iii*
1250 4146 1427 4291 mne}

314 4285 439 4363 emmN
504 4285 696 4352 3oetorrr.N
770 4299 803 4354 31
822 4285 1038 4356 aliquodonuc
1112 4303 1147 4361 ³³
1159 4289 1196 4347 de
1208 4305 1263 4362 quo
1275 4289 1431 4349 dubitamu-

315 4356 380 4402 ante
392 4354 555 4422 lnporum
