3096 4832
352 291 395 359 90
720 269 788 336 nn
811 267 1085 338 scnccnmo
1323 263 1355 358 [1
1371 269 1455 336 vnn
1546 257 1547 336 3

353 450 526 528 gnouerat.
568 439 636 527 Qui
646 438 887 508 circumeuntes
900 449 935 506 et
950 438 1081 506 oculata
1096 437 1163 505 fide
1172 437 1294 505 lundos
1305 438 1456 524 singulos
1546 437 1547 516 ζ

351 544 601 630 perlustrantes,
630 545 747 611 habita
778 544 987 612 estimatione
1008 543 1200 610 victualium
1228 564 1295 627 que
1323 544 1367 608 de
1389 543 1456 610 hiis
1546 543 1547 548 ’

350 647 577 727 soluebantur,
613 648 810 734 redegerunt
847 648 879 713 in
915 667 1081 712 summam
1117 645 1337 712 denariorum.
1400 648 1455 713 De

350 773 482 818 summa
502 773 580 818 vero
603 771 807 818 summarum
829 771 896 836 que
916 771 962 818 ex
982 751 1139 817 omnibus
1161 749 1270 816 lundis
1294 753 1454 834 surgebat
1546 805 1547 818 2

321 855 384 920 tin
400 876 467 922 uno
483 857 654 934 comitatu,
669 855 912 922 constituerunt
926 855 1156 921 vicecomitem
1172 853 1259 920 illius
1274 855 1453 921 comitatus
1546 895 1547 940 3

348 959 393 1025 ad
414 959 614 1026 scaccarium
636 959 752 1039 teneri,
765 957 929 1025 addentes
947 969 986 1024 vt
1006 959 1051 1024 ad
1073 957 1197 1023 scalam
1220 958 1372 1035 solueret,
1387 957 1451 1024 boc

348 1073 399 1128 est
416 1072 526 1147 preter
540 1063 725 1149 quamlibet
745 1073 950 1128 numeratam
966 1061 1086 1126 libram
1100 1062 1143 1127 vi.
1159 1061 1324 1127 denarios.
1370 1062 1451 1127 Rati
1546 1131 1547 1156 ᾖ

348 1175 425 1232 sunt
445 1167 534 1232 enirn
554 1177 662 1233 tractu
682 1165 843 1250 temporis
862 1167 905 1232 de
924 1165 1019 1232 facile
1040 1185 1139 1249 posse
1163 1162 1233 1230 fieri
1255 1174 1293 1230 vt
1315 1175 1454 1232 moneta

348 1277 427 1336 tunc
446 1270 540 1336 sortis
560 1290 581 1335 a
601 1289 662 1336 suo
682 1279 772 1336 statu
793 1269 968 1335 decideret
1012 1269 1086 1335 Nec
1107 1289 1166 1334 eos
1187 1267 1304 1334 fefellit
1327 1269 1451 1354 opinio.
1546 1313 1547 1368 l

303 1385 335 1425 10
347 1373 445 1439 Vnde
468 1373 576 1440 coacti
601 1382 678 1440 sunt
702 1374 903 1441 constituere
916 1382 961 1438 'vt
983 1372 1114 1439 firmam
1137 1374 1358 1438 maneriorum
1381 1393 1451 1440 non

347 1477 456 1543 solum
480 1477 525 1542 ad
550 1477 674 1544 scalam
699 1479 759 1544 sed
785 1477 829 1542 ad
853 1496 993 1562 pensum
1019 1477 1201 1542 solueretur
1223 1477 1315 1560 quod
1337 1477 1451 1562 perfici
1546 1485 1547 1550 l

310 1589 415 1647 cnon
433 1589 565 1666 poterat
583 1581 647 1646 nisi
669 1581 769 1665 longe
787 1581 937 1664 pluribus
954 1580 1122 1666 appositis
1168 1578 1371 1646 Seruabatur
1387 1601 1453 1665 per
1546 1569 1547 1598 l

344 1683 456 1768 plures
488 1705 593 1750 annos
621 1685 665 1751 ad
694 1685 895 1751 scaccarium
930 1685 987 1750 lex
1018 1683 1116 1750 huius
1148 1683 1332 1760 solutionis,
1360 1685 1452 1750 vnde

344 1787 535 1872 frequenter
549 1789 583 1853 in
597 1788 764 1855 veteribus
778 1787 951 1856 annalibus
967 1787 1082 1854 rotulis
1097 1788 1185 1872 regis
1198 1787 1286 1852 illius
1300 1787 1451 1853 inuenies

301 1902 331 1957 ¹5
345 1893 506 1976 scriptum
522 1893 582 1957 ‘In
598 1892 754 1960 thesauro
768 1914 796 1959 c.
813 1892 912 1959 libras
930 1893 974 1959 ad
989 1889 1131 1958 scalam’
1148 1889 1200 1958 vel
1217 1890 1276 1955 ‘In
1290 1891 1451 1958 thesauro

344 2013 371 2060 c.
389 1993 489 2060 libras
499 1997 543 2062 ad
556 1995 713 2079 pensum!
757 1994 912 2064 Surrexit
931 1996 1122 2064 intersevit
1135 1998 1287 2082 prudens,
1301 1992 1451 2062 consiliis
1546 2011 1547 2096 j

343 2099 511 2184 prouidus,
526 2120 678 2166 sermone
699 2100 842 2167 disertus
864 2101 965 2168 etad
987 2099 1137 2166 maxima
1157 2119 1290 2183 queque
1311 2101 1451 2184 negotia

341 2202 478 2285 perdel
505 2205 647 2286 gratiam
673 2215 808 2290 repente
832 2206 1016 2290 precipuus.
1062 2203 1199 2269 Diceres
1225 2204 1259 2267 in
1286 2223 1325 2268 eo
1351 2223 1450 2268 com·

340 2305 469 2389 pletum
489 2307 580 2390 quod
600 2309 758 2392 scriptum
781 2319 832 2375 est
847 2309 983 2375 ‘Nescit
1003 2309 1099 2374 tarda
1120 2305 1293 2372 molimina
1311 2307 1449 2391 spiritus

256 2485 258 2490 ¹
298 2410 446 2475 aosancti
467 2407 596 2495 gratia?
644 2412 712 2477 Hic
742 2411 786 2478 ab
815 2414 935 2478 eodem
966 2431 1043 2496 rege
1072 2421 1210 2478 vocatus
1239 2412 1284 2476 ad
1308 2410 1448 2490 curiam,
1546 2439 1547 2488 g

341 2513 419 2581 licet
441 2499 577 2598 ignotus
601 2535 667 2580 non
690 2526 803 2581 tamen
827 2513 989 2600 ignobilis,
1010 2537 1070 2581 suo
1092 2515 1266 2600 perdocuit
1282 2513 1448 2599 exemplo
1546 2569 1547 2574 ,

342 2618 542 2704 ‘Paupertas
563 2619 672 2702 tenuis
694 2639 796 2702 quam
819 2620 862 2686 sit
884 2619 1023 2687 secunda
1037 2615 1201 2684 virorum.¹
1248 2617 1315 2684 Hic
1334 2619 1447 2702 igitur,
1546 2617 1547 2642 ³

340 2733 569 2790 succrescente
593 2723 627 2786 in
651 2742 727 2788 eum
757 2724 914 2808 principis
940 2723 1084 2792 sceleri
1110 2723 1292 2806 populique
1319 2720 1448 2801 fauore,
1546 2769 1547 2818 ἕ

340 2824 599 2893 Saresberiensis
621 2827 797 2911 episcopus
819 2825 934 2904 lactus,
958 2827 1115 2892 maximis
1138 2827 1172 2891 in
1198 2847 1300 2912 regno
1325 2823 1447 2910 limge·
1546 2835 1547 2900 l

296 2945 326 2999 ²5
340 2926 438 2995 batur
452 2931 566 2995 officiis
581 2939 616 2996 et
636 2930 818 2996 honoribus
836 2939 870 2996 et
891 2931 934 2996 de
948 2931 1111 2998 scaccario
1130 2929 1308 3016 plurimam
1325 2929 1447 2994 habuit
1546 2911 1547 2972 l

339 3031 534 3113 scientiam;
558 3035 644 3100 adeo
666 3043 703 3099 vt
717 3055 784 3100 non
806 3034 850 3100 sit
869 3035 1066 3118 ambiguum
1082 3035 1141 3100 sed
1163 3055 1208 3099 ex
1223 3035 1304 3118 ipsis
1325 3033 1446 3100 rotulis
1546 3075 1547 3092 r

339 3136 552 3202 manifestum
569 3136 746 3222 plurimum
765 3139 828 3203 sub
843 3159 883 3203 eo
898 3137 1057 3204 floruisse
1097 3139 1152 3203 De
1163 3138 1256 3204 cuius
1268 3135 1446 3205 stillicidiis

337 3259 399 3303 nos
413 3259 546 3324 quoque
561 3242 727 3306 modicum
744 3242 778 3306 id
791 3241 883 3326 quod
901 3239 1064 3306 habemus
1084 3261 1143 3325 per
1162 3243 1334 3307 traducem
1348 3261 1448 3306 acce·
1546 3227 1547 3240 ¹

338 3341 456 3426 pimus.
494 3343 602 3428 Super
616 3345 681 3410 hoc
696 3345 739 3410 ad
754 3365 888 3430 presens
906 3343 1012 3410 multa
1027 3344 1118 3428 loqui
1138 3345 1347 3430 supersedeo,
1362 3345 1448 3428 quia
1546 3359 1547 3368 ’

294 3461 327 3512 ³0
339 3465 400 3530 pro
422 3445 580 3529 qualitate
597 3447 647 3512 sui
669 3457 776 3513 status
799 3447 1003 3514 nobilissime
1025 3449 1145 3514 mentis
1166 3448 1308 3514 indicem
1327 3467 1448 3532 super·
1546 3491 1547 3494 =

338 3548 451 3614 stitem
488 3551 550 3614 sibi
587 3551 779 3616 memoriam
815 3551 997 3634 dereliquit
1052 3551 1121 3618 Hic
1150 3552 1366 3636 postmodum
1397 3573 1449 3618 ex
1546 3609 1547 3616 ,

338 3654 498 3719 mandato
520 3653 673 3738 principis
694 3655 833 3721 accessit
862 3647 917 3720 ad
940 3655 1164 3734 scaccarium
1187 3655 1244 3719 vbi
1274 3675 1352 3721 cum
1383 3676 1450 3741 per

336 3756 463 3840 aliquot
485 3777 590 3823 annos
620 3759 820 3843 persedisset
845 3759 1008 3842 comperit
1026 3757 1091 3823 hoc
1121 3758 1293 3824 solutionis
1320 3777 1449 3844 genere
1546 3787 1547 3856 ]

298 3886 325 3940 ι)
338 3881 406 3927 non
420 3858 517 3946 plene
532 3860 613 3927 fisco
628 3861 789 3927 satisfieri.
826 3862 924 3928 Licet
941 3863 1029 3927 enirn
1045 3862 1228 3928 innumero
1243 3873 1278 3928 et
1292 3864 1449 3946 pondere
1546 3869 1547 3876 ’

291 3991 323 4044 35
336 3965 503 4031 videretur
521 3965 727 4031 satisfactum
751 3984 818 4029 non
840 3973 955 4030 tamen
977 3965 1012 4029 in
1032 3967 1179 4032 materia
1223 3964 1449 4048 Consequens

336 4070 425 4135 enim
446 4089 513 4135 non
535 4077 605 4133 erat
626 4069 716 4142 vt‚si
740 4089 801 4153 pro
825 4067 908 4134 libra
930 4090 994 4135 vna
1016 4079 1208 4137 numeratos
1229 4090 1291 4134 xx.
1314 4067 1449 4136 solidos

372 4219 689 4293 rocnauJoeeuuac
759 4234 794 4290 14
810 4220 962 4277 veterisN
1030 4219 1451 4280 rsnroerncsnuoersn
1546 4191 1547 4274 ζ

335 4303 369 4360 25
388 4291 488 4350 officiis
499 4303 527 4351 et
538 4311 592 4350 om.
603 4293 663 4350 NR
739 4305 774 4362 32
793 4289 939 4364 principis]
952 4291 1073 4364 precipis
1085 4293 1122 4350 N
