3096 4832
322 307 384 369 142
688 284 756 352 DE
778 282 1053 354 SCACCARIO
1323 280 1370 374 [11
1385 282 1425 349 xi
1536 301 1537 322 ³

319 459 501 536 soluuntur,
516 455 666 543 sequitur
685 467 859 542 compotus
874 458 918 524 de
935 456 1065 542 placitis
1085 465 1120 523 et
1134 454 1426 535 conuentionibus,
1536 433 1537 436 Ἴ

320 561 354 626 in
377 580 444 645 quo
464 561 609 646 primum
631 571 708 646 post
725 561 893 627 modicum
915 561 1128 627 interuallum
1150 561 1184 625 in
1208 561 1321 626 medio
1336 560 1426 626 linee
1536 661 1537 664 Ἴ

322 665 509 749 prenotatio
525 663 574 743 fit,
588 683 728 749 quorum
743 663 869 730 scilicet
885 664 1033 730 iudicum
1048 663 1110 730 hec
1125 665 1202 730 sint
1536 719 1537 722 η

260 737 309 867 ¹}
366 767 493 832 Placita
506 777 621 833 autem
635 767 775 833 dicimus
786 787 890 851 penas
904 769 1111 851 pecuniarias
1126 769 1160 833 in
1170 789 1256 853 quas
1271 767 1425 833 incidunt
1536 755 1537 768 ²

292 871 559 956 sdelinqucntes,
581 873 819 938 conuentiones
848 892 927 938 vero
952 871 1068 938 oblata
1089 883 1287 956 spontanea
1334 873 1423 938 Cum

320 995 400 1061 ergo
418 975 462 1041 de
475 975 539 1040 hiis
556 975 660 1040 instat
677 974 821 1057 exactio,
834 984 914 1041 tunc
934 977 1079 1059 primum
1097 975 1217 1042 clerico
1236 973 1425 1040 cancellarii
1536 1021 1537 1062 3

319 1080 463 1146 traditur
484 1079 708 1156 summonitio,
730 1079 788 1162 qui
815 1079 963 1145 seriatim
985 1080 1030 1146 de
1050 1078 1190 1165 singulis
1215 1089 1312 1164 vrget
1333 1081 1425 1144 vice-

319 1184 485 1262 comitem,
500 1183 615 1249 dicens
629 1185 637 1216 ‘
651 1182 773 1249 Redde
786 1183 830 1249 de
844 1181 901 1249 illo
916 1205 951 1250 x.
964 1203 1026 1268 pro
1041 1183 1105 1248 hac
1120 1183 1239 1250 causa’
1254 1205 1263 1263 ;
1284 1185 1380 1268 quod
1395 1184 1424 1249 si
1536 1213 1537 1268 3

319 1289 353 1352 in
362 1287 519 1356 thesauro
530 1287 666 1354 soluerit
676 1288 766 1372 quod
779 1287 961 1372 requiritur,
971 1288 1019 1353 sic
1024 1290 1186 1354 scribetur
1197 1290 1230 1353 in
1238 1289 1351 1356 annali
1363 1295 1373 1326 ‘
1377 1291 1422 1357 N.

276 1411 307 1448 ιο
321 1395 429 1460 reddit
451 1401 647 1477 compotum
662 1390 707 1456 de
727 1413 762 1456 x.
777 1390 870 1458 libris
885 1413 948 1478 pro
969 1393 1034 1457 hac
1055 1393 1176 1458 causa'
1192 1403 1227 1460 et
1246 1413 1292 1458 ex
1307 1395 1426 1460 ordine

320 1506 393 1561 tota
408 1496 577 1579 redigatur
592 1495 626 1560 in
645 1493 805 1579 scriptum
821 1495 882 1560 ‘ln
898 1495 1056 1563 thesauro
1071 1496 1226 1562 liberauit
1240 1507 1275 1563 et
1289 1497 1424 1582 quietus

321 1598 392 1666 est!
431 1599 469 1666 Si
487 1619 567 1664 vero
581 1619 641 1682 per
655 1597 757 1663 breue
769 1599 857 1682 regis
873 1599 1007 1684 quietus
1020 1610 1081 1677 est,
1102 1609 1151 1680 vt,
1165 1601 1252 1666 sicut
1266 1601 1424 1678 diximus,
1536 1599 1537 1660 l

320 1723 476 1768 numerus
505 1703 712 1788 exprimatur
741 1701 775 1766 in
804 1702 907 1782 breui,
936 1704 1067 1769 dicetur
1089 1704 1154 1768 ‘N.
1190 1705 1302 1770 reddit
1330 1724 1424 1770 com-.

321 1817 439 1892 potum
454 1806 548 1872 dex.
562 1804 654 1871 libris
667 1803 674 1829 ’
687 1815 721 1872 et
736 1805 840 1871 addat
855 1825 1011 1872 causam:
1033 1807 1156 1873 deinde
1170 1807 1272 1892 paulo
1287 1806 1426 1873 inferius

278 1927 307 1978 ¹⁵
322 1911 355 1975 in
378 1910 451 1996 ipsa
470 1907 560 1974 linea
581 1909 642 1974 ‘ln
657 1908 812 1992 perdonis
831 1929 891 1994 per
910 1911 1015 1976 breue
1029 1911 1115 1994 regis
1135 1910 1197 1993 ipsi
1214 1911 1257 1975 N.
1272 1931 1306 1975 x
1328 1910 1428 1975 libre.

322 2013 368 2078 Et
384 2013 514 2096 quietus
528 2010 599 2079 est!
645 2011 745 2096 Quod
761 2013 788 2077 si
804 2012 848 2078 de
865 2033 891 2078 c.
907 2014 1131 2080 summonitus
1140 2014 1199 2090 sit,
1215 2033 1293 2080 cum
1308 2025 1426 2080 tamen
1536 2071 1537 2096 ,

321 2136 452 2181 summa
466 2116 571 2181 debiti
586 2117 630 2183 sit
645 2117 679 2180 in
694 2115 804 2181 annali
819 2137 854 2182 x.
871 2116 964 2197 libre,
979 2127 1013 2182 et
1028 2117 1207 2185 cecinerit
1222 2119 1256 2184 in
1271 2119 1427 2202 denariis,
1536 2145 1537 2164 ÷

320 2219 375 2286 vel
390 2219 432 2284 de
454 2239 482 2285 c.
500 2219 602 2286 breue
622 2219 709 2302 regis
726 2220 961 2304 impetrauerit,
977 2220 1105 2286 dicetur
1120 2222 1174 2286 ‘N
1177 2273 1186 2289 .
1205 2222 1316 2287 reddit
1332 2242 1427 2287 com-
1536 2221 1537 2294 l

321 2332 439 2408 POtum
469 2324 514 2388 de
541 2343 577 2390 x·
603 2322 705 2388 libris
743 2323 784 2387 In
808 2325 965 2389 theseum
993 2343 1022 2390 c.
1045 2323 1172 2392 solidos
1198 2336 1234 2392 et
1263 2327 1364 2394 debet
1395 2348 1427 2394 c.

277 2449 310 2488 so
322 2425 466 2494 solidos'
481 2425 535 2494 vel
557 2426 617 2491 ‘In
634 2427 792 2513 perdoois
809 2447 869 2512 per
887 2427 989 2492 breue
1008 2427 1095 2514 regis
1109 2429 1173 2513 ipsi
1188 2429 1234 2496 N.
1255 2449 1285 2494 c.
1299 2429 1429 2497 solidos
1536 2485 1537 2522 .

322 2539 357 2598 ct
378 2531 480 2599 debet
501 2551 530 2595 c.
552 2526 700 2597 solidos'
743 2529 790 2596 Et
810 2540 892 2597 nota
912 2531 1005 2614 quod
1027 2531 1061 2597 in
1082 2533 1237 2598 omnibus
1258 2537 1430 2616 compotis
1536 2541 1537 2589 i

322 2636 366 2702 de
385 2635 516 2721 placitis
536 2644 570 2701 et
592 2633 868 2701 conuentionibus
883 2633 1005 2720 singuli
1026 2656 1087 2720 pro
1108 2657 1145 2702 se
1166 2637 1429 2721 respondebunt,
1536 2685 1537 2706 .

321 2747 359 2806 vt
373 2739 500 2804 scilieet
514 2757 598 2806 onus
620 2737 736 2816 debiti,
752 2737 779 2803 si
791 2757 859 2804 non
878 2738 1083 2818 satisfecerit,
1093 2739 1148 2806 vel
1170 2739 1428 2817 absolutionem,

323 2843 351 2908 si
365 2843 555 2909 vniuersum
570 2841 716 2920 soluerit,
731 2861 792 2907 svo
805 2843 942 2908 nomine
956 2843 1147 2928 suscipiant,
1165 2845 1316 2928 exceptis
1331 2863 1428 2912 corn·

279 2967 310 3018 rs
324 2948 478 3013 munibus
503 2946 615 3012 assisis
641 2953 676 3010 et
704 2944 896 3028 denegeldis
919 2955 954 3012 et
976 2947 1126 3012 murdris.
1170 2947 1226 3013 De
1249 2947 1315 3013 hiis
1335 2949 1429 3014 enim

322 3051 508 3116 vicecomes
529 3057 723 3132 compotum
744 3048 855 3114 reddit
876 3057 910 3114 et
929 3068 1030 3133 super
1047 3049 1112 3114 hiis
1134 3049 1208 3134 ipse
1223 3051 1276 3116 vel
1293 3051 1429 3136 quietus

323 3154 357 3219 in
375 3151 484 3218 annali
506 3153 660 3218 scribitur
680 3152 733 3218 vel
754 3153 788 3218 in
810 3151 936 3219 debito.
982 3151 1083 3237 Quod
1107 3153 1135 3220 si
1158 3163 1307 3222 mutatus
1327 3156 1431 3223 suerit

322 3256 516 3332 vicecomes,
536 3253 766 3322 nichilominus
789 3255 826 3332 is,
847 3256 905 3340 qui
927 3257 1074 3323 succedit
1095 3259 1135 3337 ei,
1157 3258 1201 3324 de
1226 3259 1352 3326 eisdem
1376 3279 1429 3325 re-

291 3358 503 3444 aspondebit
521 3367 555 3425 et
572 3359 617 3440 de
631 3357 696 3423 illis
712 3360 985 3440 summonebitur,
1001 3369 1046 3441 et,
1061 3361 1124 3428 nisi
1145 3363 1348 3440 satisfecerit,
1366 3383 1431 3448 per
1536 3443 1537 3466 .

280 3487 314 3538 ³0
324 3462 462 3537 firmam,
478 3481 580 3544 quam
594 3461 762 3528 soluturus
773 3473 833 3542 est,
844 3465 1044 3531 coercendus
1059 3475 1122 3532 est.
1167 3465 1327 3551 Quisquis
1338 3468 1432 3534 enirn
1536 3467 1537 3487 ¹

271 3651 275 3660 ,
325 3565 359 3632 in
374 3585 456 3631 onus
475 3564 624 3631 eiusdem
641 3564 741 3634 officii
761 3577 892 3635 mutato
911 3570 1060 3635 succedit
1078 3569 1278 3651 vicecomiti,
1292 3571 1336 3636 ab
1353 3561 1432 3656 ip'so

324 3669 462 3755 suscipit
481 3669 640 3755 rescripta
661 3670 850 3738 debitorum
871 3673 959 3758 regis
976 3673 1011 3738 in
1033 3674 1108 3758 ipso
1125 3675 1298 3755 comitatu,
1311 3684 1349 3741 vt
1368 3696 1435 3759 per

324 3773 386 3840 hec
407 3791 505 3837 nosse
526 3771 637 3837 valeat
658 3792 680 3837 a
700 3774 823 3857 quibus
841 3793 909 3858 que
926 3776 1073 3843 debeant
1094 3779 1224 3862 requiri,
1238 3799 1315 3846 cum
1336 3799 1431 3845 surn-

326 3877 544 3946 monitionem
572 3878 617 3943 ad
646 3896 683 3942 se
708 3878 855 3946 delatam
881 3882 1071 3966 susceperit
1114 3881 1175 3948 Ad
1197 3883 1432 3950 vicecomitem

314 4139 315 4143 ,
361 4097 700 4184 psoluerit1soluiturN
784 4111 816 4172 ις
837 4099 1134 4173 lnperdonisontN
1215 4102 1434 4232 Wiffifflp

325 4170 476 4256 emmC·
540 4183 572 4240 17
584 4167 686 4243 debiti]
698 4169 865 4254 debitaR·
917 4169 1053 4256 ,in1etR
1144 4172 1308 4303 ῥᾳδιεμοὲ

326 4256 362 4308 24
375 4241 559 4299 soluerth
626 4241 669 4310 26,
682 4253 717 4308 27
729 4258 758 4297 m
771 4241 865 4298 annali
878 4243 1028 4314 quietusC
1096 4241 1269 4317 spillrleus

327 4326 364 4381 30
380 4311 558 4369 solitumsN
623 4325 657 4384 ³²
675 4310 888 4383 rescriptamN

1315 4247 1436 4304 :eisN
