3096 4832
103 329 220 427 m]-
471 329 835 406 unscnccnmo
1162 353 1220 424 ῃ.

103 509 177 575 libri
196 507 305 595 aperti
328 518 424 575 erunt
447 517 481 575 et
503 509 604 576 ianua
625 509 749 577 clausa.
795 510 857 577 Set
882 512 926 577 de
947 511 1011 576 hiis
1032 511 1201 580 hactenus.

103 612 202 680 Nunc
223 632 464 699 prosequamur
484 613 528 678 de
547 613 668 678 officiis
714 613 795 680 Post
814 613 976 698 huncqui
997 613 1131 681 calculis
1150 616 1199 682 in·
1213 623 1238 674 ο

102 715 202 783 seruit
224 717 353 800 primus
374 715 497 782 residet
518 737 563 782 ex
594 715 705 782 officio
734 716 870 784 clericus
899 719 956 802 qui
979 729 1089 803 preest
1113 722 1200 805 regis

100 819 282 904 scriptorio.
320 820 379 886 Ad
395 820 484 886 hunc
499 820 642 906 pertinet
655 821 831 906 scriptores
846 821 984 887 idoneos
998 825 1041 889 ad
1056 825 1200 890 rotulum

100 923 299 990 cancellarie
313 934 348 990 et
363 925 406 990 ad
421 923 537 990 breuia
551 925 637 1008 regis
652 945 718 1008 que
733 924 766 989 in
780 925 944 990 scaccario
955 925 1048 1006 fiunt,
1060 947 1120 992 nec
1136 949 1200 993 non
1215 957 1230 1008 t

99 1036 133 1094 et
153 1028 434 1094 summonitiones
455 1025 708 1093 conscribendas
730 1026 884 1108 inuenire,
899 1037 934 1094 et
955 1037 992 1094 vt
1013 1028 1098 1094 bene
1120 1029 1201 1095 fiant

97 1130 307 1214 prospicere3
337 1149 404 1213 que
432 1130 568 1213 quidem
598 1128 714 1207 officia,
738 1128 816 1197 licet
837 1131 952 1216 paucis
974 1132 1201 1216 exprimantur

97 1235 218 1313 verbis,
234 1232 371 1299 infinitis
385 1241 498 1299 tamen
515 1227 575 1298 viri
590 1233 719 1316 expleri
740 1244 881 1318 possunt
899 1233 1087 1315 laboribus;
1109 1237 1200 1320 quod

98 1346 226 1404 norunt
237 1336 285 1401 hii
306 1336 363 1420 qui
382 1335 445 1402 hec
465 1335 537 1420 ipsa
553 1356 663 1400 rerum
684 1337 887 1420 experientia
906 1337 1100 1404 didicerunt.
1145 1337 1201 1406 Sic

96 1439 203 1507 habes
219 1438 330 1506 officia
343 1438 577 1522 dispositorum
592 1437 627 1503 in
641 1439 788 1504 secundo
801 1438 905 1506 sedili.
1216 1470 1247 1508 ιο

138 1542 343 1627 Dnapulus.
388 1540 426 1608 Si
448 1541 534 1607 bene
555 1541 692 1607 memini
714 1542 840 1626 primus
864 1543 908 1609 ad
931 1543 1105 1610 dexteram
1128 1564 1201 1628 pre·

96 1645 239 1712 sidentis
266 1645 387 1712 residet
410 1643 649 1712 Wintoniensis
672 1646 855 1731 episcopus,
882 1647 973 1713 cuius
997 1647 1140 1714 officium
1167 1649 1202 1714 in

95 1749 266 1816 scaccario
287 1748 408 1815 vellem
436 1749 587 1832 protinus
610 1749 770 1832 expediri.
814 1749 957 1835 Magnus
980 1751 1068 1816 enim
1092 1761 1201 1818 estet

97 1853 160 1918 nisi
176 1853 310 1936 magnis
324 1853 477 1938 occupari
494 1873 560 1918 non
575 1852 688 1919 debet.

139 1957 319 2040 Magister.
363 1956 508 2040 Magnus
530 1965 582 2020 est
603 1954 716 2040 procul
734 1953 836 2022 dubio
854 1964 888 2022 et
906 1957 1035 2042 magnis
1054 1959 1201 2026 intentus
1215 1989 1260 2041 ¹5.

97 2061 131 2126 in
172 2060 282 2127 multa
318 2059 513 2127 distrahitur
546 2060 633 2126 sicut
666 2061 701 2124 in
734 2059 941 2127 Tricolumni
983 2063 1114 2147 plenius
1149 2073 1201 2131 est

97 2175 279 2233 ostensum
326 2163 392 2230 Hic
411 2173 491 2228 ante
512 2173 665 2247 tempora
687 2164 904 2247 promotionis
926 2165 1007 2231 dum
1029 2169 1130 2252 paulo
1151 2169 1200 2233 in·

96 2269 199 2336 ferior
223 2269 257 2334 in
280 2267 368 2352 regis
393 2268 482 2334 curia
508 2267 675 2346 militaret,
699 2268 789 2334 visus
815 2279 866 2335 est
890 2269 957 2335 fide
981 2279 1017 2336 et
1039 2272 1234 2340 industria?

95 2373 198 2457 regiis
218 2371 362 2456 negotiis
382 2359 584 2437 necessarius
605 2381 640 2437 et
662 2371 696 2436 in
719 2373 1023 2456 computationibus
1045 2385 1146 2460 atque
1167 2377 1200 2439 in

96 2475 283 2541 rotulorum
309 2485 345 2540 et
369 2474 519 2542 breuium
543 2474 713 2559 scripturis
737 2476 819 2540 satis
841 2474 949 2540 alacer
970 2485 1004 2542 et
1025 2476 1200 2543 officiosus.
1216 2512 1247 2548 ιο

95 2579 199 2644 Vnde
224 2581 322 2644 datus
346 2587 398 2644 est
423 2579 455 2644 ei
480 2577 572 2644 locus
601 2579 645 2644 ad
675 2579 761 2644 latus
789 2577 991 2654 thesaurarii,
1012 2587 1049 2644 vt
1077 2576 1202 2646 scilicet

95 2683 262 2767 scripture
286 2682 468 2748 rotulorum
494 2691 529 2748 et
552 2680 615 2746 hiis
641 2682 793 2747 omnihus
817 2701 893 2746 cum
914 2681 987 2765 ipso
1010 2681 1201 2747 intenderet

95 2784 339 2854 Thesaurarius
357 2785 493 2869 quidem
513 2793 566 2852 tot
585 2793 620 2851 et
640 2785 742 2851 tantis
762 2783 849 2850 curis
870 2794 904 2848 et
926 2782 1201 2852 sollicitudinibus

96 2909 159 2972 per
192 2889 307 2955 omnia
338 2887 532 2955 distrahitur
560 2897 598 2964 vt
626 2888 676 2955 ias
705 2888 749 2954 sit
781 2887 946 2954 interdum
981 2895 1077 2954 tauto
1109 2889 1200 2972 operi

95 2993 278 3076 subrepere
305 3011 492 3076 sompnum.
540 2992 582 3057 In
610 2991 766 3057 humanis
795 2991 898 3058 etiam
927 2990 1113 3056 actionibus
1142 2991 1200 3057 vix
1216 3026 1245 3077 25

96 3095 225 3180 aliquid
246 3105 298 3162 est
318 3115 554 3181 usquequaque
576 3095 768 3180 perlectum.

141 3198 337 3282 Discr'pulus.
382 3197 473 3284 Quid
493 3199 653 3282 estquod
673 3197 780 3263 dicis?
824 3197 898 3264 Nec
917 3197 1005 3263 enim
1026 3198 1104 3264 noui
1120 3200 1200 3283 quid

94 3304 142 3371 sit
158 3302 390 3368 Tricolumnis.

140 3405 320 3490 Magum.
363 3404 512 3471 Libellus
537 3404 745 3489 quidamest
766 3425 787 3469 a
809 3404 906 3471 nobis
927 3414 1094 3490 utcunque
1116 3415 1201 3490 tem·

95 3531 184 3597 pore
212 3509 392 3576 iuuentutis
417 3509 526 3575 editus
548 3509 590 3574 de
611 3509 779 3592 tripartita
805 3509 896 3594 regni
917 3507 1043 3593 Anglie
1063 3509 1201 3576 historia
1214 3541 1247 3590 30

94 3614 164 3682 sub
182 3613 301 3680 illustri
318 3612 509 3696 Anglorum
529 3631 608 3696 rege
623 3611 773 3678 Henrico
787 3613 944 3678 secundo.
990 3610 1110 3697 Quem,
1124 3614 1201 3698 quia

94 3736 161 3803 per
187 3726 256 3783 tres
285 3715 481 3800 columpnas
509 3734 569 3800 per
599 3715 789 3781 vnlnersum
820 3715 1024 3800 digessimus,
1052 3717 1201 3782 diximus

94 3819 363 3886 Tricolumnum.
423 3820 463 3884 In
488 3819 596 3902 prima
618 3819 754 3902 quidem
781 3819 826 3884 de
851 3818 987 3885 ecclesie
1011 3817 1201 3904 Anglicane

94 3925 241 4009 negotiis
256 3922 406 4010 plurimis
420 3931 454 3988 et
468 3924 513 3989 de
529 3920 694 3986 nonnullis
711 3921 876 4005 rescriptis
890 3922 979 3987 sedis
992 3919 1199 4005 Apostolice.

134 4097 271 4166 abucN
301 4093 573 4166 yofficia10fferaR
634 4109 667 4151 12
679 4096 757 4152 cuius
769 4097 864 4153 om.R
926 4109 958 4164 14
976 4094 1198 4151 debetcum:

96 4169 243 4228 debentC
333 4181 364 4238 15
384 4175 491 4224 estvm.
504 4169 533 4222 R
634 4179 666 4235 17
685 4167 823 4224 offensum
836 4167 864 4221 R
968 4164 1047 4236 ante]
1060 4164 1203 4219 autemN

95 4237 349 4315 procurationisN
394 4236 564 4294 aoallocN
602 4239 774 4309 zqopereC
813 4248 847 4307 ας
860 4233 1065 4307 etiam]autem
1078 4234 1114 4287 N
1164 4245 1199 4300 29

94 4311 253 4438 quidppnlt
319 4320 448 4380 tempore
460 4309 553 4367 συιδ
627 4323 659 4379 ³1
681 4305 786 4380 Quem]
800 4307 902 4378 Quec
975 4303 1199 4375 33tric01ump

94 4399 157 4440 mm
