3086 4822
320 298 365 378 ⁶4
688 299 756 366 os
779 297 1053 368 sexccmuo
1293 298 1374 392 [rur
1393 315 1420 368 ι)

318 471 492 556 pecuniam
507 479 667 540 numeret
713 471 816 557 Quod
835 471 864 536 si
883 471 963 555 quid
983 469 1121 537 defuerit
1140 469 1254 538 redeat
1268 471 1312 536 ad
1328 493 1421 540 scac-

318 577 443 642 carium
466 577 494 642 is
516 577 573 661 qui
595 577 741 664 suscepit
761 587 797 642 ct
818 573 895 641 fidei
915 575 1106 660 religionem
1125 584 1253 659 prestet
1272 577 1335 644 sub
1355 577 1420 646 hac

319 677 427 748 forma
454 681 545 764 quod
574 691 736 765 quantam
768 679 914 764 suscepit
943 679 1137 762 reportauit,
1167 700 1234 746 non
1263 682 1422 766 apposito

317 785 498 852 secundum
521 785 757 853 conscientiam
780 803 875 850 suam
899 792 937 850 vt
960 781 998 848 fit
1023 783 1057 848 in
1077 781 1158 862 aliis,
1179 793 1213 848 et
1236 783 1301 850 hoc
1328 784 1422 852 iacto

289 885 464 964 ssoluatur
479 889 510 954 ei
524 890 615 973 quod
630 897 742 967 restat,
757 896 929 954 numerata
943 885 1035 971 prius
1050 889 1168 953 eadem
1183 907 1295 953 coram
1311 889 1420 954 omni·

318 989 421 1058 busa
443 993 627 1062 constitutis
648 991 946 1078 computatoribus.
990 989 1029 1058 Si
1051 1011 1139 1068 vero,
1159 990 1234 1076 lege
1255 991 1317 1056 sibi
1339 1013 1421 1078 pro-

315 1095 436 1180 posita,
457 1095 604 1164 bostium
630 1095 774 1164 thesauri
797 1115 947 1182 egressus
971 1093 1070 1160 suerit
1098 1113 1295 1179 quecunque
1318 1093 1421 1161 suerit

315 1219 458 1282 persona
479 1199 532 1265 vel
560 1209 829 1284 quantacumque
857 1200 983 1266 iactura
1011 1217 1078 1263 non
1105 1197 1135 1263 ei
1163 1200 1419 1282 respondeatur.

316 1301 434 1370 Militis
456 1303 631 1388 argentarii
652 1313 686 1369 et
708 1302 826 1368 fusoris
849 1303 956 1368 officia
975 1301 1039 1368 sibi
1054 1301 1206 1366 videntur
1225 1322 1359 1368 annexa
1379 1316 1419 1370 et

272 1423 304 1467 ιο
315 1405 358 1472 ad
373 1407 523 1491 superius
539 1407 738 1474 scaccarium
754 1407 862 1491 magis
876 1405 1072 1490 pertinentia
1094 1416 1129 1471 et
1143 1405 1188 1471 ob
1211 1403 1276 1471 hoc
1290 1405 1418 1472 ibidem

314 1531 391 1576 cum
415 1511 530 1578 ceteris
556 1511 670 1578 ofliciis
696 1509 918 1595 explananda.
962 1509 1115 1594 Quatuor
1144 1519 1418 1595 computatorum

313 1612 460 1681 officium
479 1613 544 1680 hoc
563 1624 623 1680 est.
668 1613 754 1679 Cum
775 1615 809 1680 in
828 1613 1028 1680 scaccarium
1047 1614 1252 1678 numeranda
1272 1613 1418 1698 pecunia

315 1719 463 1802 mittitur,
487 1739 570 1784 vous
595 1737 710 1786 eonnn
732 1717 907 1802 diligenter
930 1727 1037 1784 totam
1063 1717 1257 1783 commiscet
1282 1727 1319 1781 vt
1344 1736 1419 1782 non

313 1841 461 1888 seorsum
483 1822 636 1888 meliores
659 1832 694 1888 et
717 1841 864 1888 seorsum
890 1821 1068 1886 deteriores
1090 1820 1157 1887 sint
1181 1829 1232 1885 set
1255 1819 1352 1886 mixti
1373 1831 1417 1888 vt

270 1938 301 1991 ¹5
313 1925 451 2009 ponderi
480 1926 712 2010 respondeant.
768 1923 846 2009 Quo
876 1921 964 1992 tacto
993 1925 1191 1990 camerarius
1219 1925 1264 1990 ad
1293 1923 1417 1990 libram

313 2029 466 2094 scaccarii
488 2031 652 2114 ponderat
676 2039 838 2114 quantum
863 2038 997 2114 oportet
1022 2029 1056 2094 in
1082 2029 1227 2110 trutina;
1263 2029 1354 2112 quod
1384 2029 1418 2094 si

313 2151 470 2198 numerus
492 2155 555 2198 xx.
575 2133 756 2200 solidorum
780 2130 956 2216 plusquam
977 2153 1040 2198 sex
1061 2133 1208 2198 nummis
1228 2133 1419 2198 exercuerit

313 2245 463 2318 respectu
479 2235 570 2319 libre,
584 2235 719 2321 indigna
734 2236 833 2320 recipi
852 2237 979 2304 dicitur.
1023 2234 1060 2302 Si
1074 2256 1153 2301 vero
1167 2235 1219 2302 vel
1237 2238 1281 2302 ad
1297 2237 1341 2302 vi.
1355 2239 1414 2302 vel

312 2339 395 2405 inira
416 2359 452 2404 se
473 2339 614 2417 cohibet,
629 2341 804 2425 suscipitur
825 2349 860 2404 et
881 2361 901 2406 a
923 2339 1210 2424 computatoribus
1232 2338 1416 2424 diligenter

267 2473 301 2512 ao
313 2464 372 2528 per
389 2454 547 2511 centenos
565 2443 689 2511 solidos
703 2454 740 2511 vt
754 2443 938 2529 predictum
956 2451 1008 2508 est
1028 2453 1228 2514 numeratur.
1275 2443 1314 2510 Si
1330 2464 1416 2510 vero

312 2549 356 2614 de
370 2546 465 2616 firma
479 2558 555 2614 sunt
567 2548 690 2614 denarii
705 2557 739 2613 et
754 2549 819 2612 sint
834 2547 1057 2626 examinandi,
1068 2547 1156 2613 sacta
1167 2547 1414 2616 commixtione

312 2767 347 2826 et
370 2758 447 2823 huic
468 2758 651 2824 vicecomes
672 2755 804 2840 signum
825 2775 922 2820 suum
945 2755 1085 2839 apponit
1105 2765 1143 2822 vt
1163 2774 1209 2819 ex
1230 2753 1293 2819 biis
1318 2767 1416 2840 post-

277 2863 447 2928 amodum
470 2880 623 2942 examen,
639 2861 730 2945 quod
749 2857 852 2942 vulgo
873 2858 1013 2922 essaium
1034 2857 1161 2938 dieitur,
1178 2857 1237 2924 fiat
1258 2859 1344 2924 sicut
1366 2879 1413 2926 ex

268 2966 524 3050 assequentibus
543 2964 691 3049 liquebit.
737 2961 811 3028 Erit
830 2971 943 3026 autem
962 2981 1040 3027 cure
1059 2981 1173 3027 eorum
1193 2961 1251 3046 qui
1270 2975 1412 3046 presunt

312 3079 443 3153 recepte
453 3069 559 3154 gratia
574 3068 783 3135 dominorum
793 3085 937 3144 suorum,
950 3063 1014 3130 hoc
1028 3075 1080 3130 est
1094 3063 1202 3131 clerici
1214 3065 1411 3132 thesaurarii

312 3182 346 3238 et
369 3173 621 3238 camerariorum
643 3180 680 3236 vt
702 3181 835 3254 recepta
856 3167 994 3252 pecunia
1015 3188 1162 3233 seorsum
1186 3169 1322 3235 mittant
1348 3189 1411 3236 ex.

311 3275 446 3340 aminatl
474 3277 601 3361 argenti
626 3276 773 3360 pondera
802 3281 837 3338 et
865 3272 1017 3337 denarios
1046 3273 1090 3336 de
1120 3271 1224 3350 firma,
1245 3273 1409 3357 appositis

311 3379 509 3462 quibusdam
532 3377 633 3462 signis
651 3379 754 3446 saccis
773 3396 899 3459 eorum,
911 3387 949 3445 vt
968 3375 996 3442 si
1017 3396 1077 3440 rex
1091 3397 1172 3442 vasa
1186 3386 1346 3461 argentea
1365 3378 1412 3442 ad

265 3511 299 3563 30
311 3481 435 3549 cultum
459 3484 580 3548 domus
604 3482 659 3548 dei
684 3481 737 3548 vel
761 3483 805 3548 ad
831 3483 950 3548 domus
974 3481 1108 3565 proprie
1134 3478 1330 3564 obsequium
1355 3480 1412 3552 vel

309 3587 395 3653 iortc
409 3595 559 3652 monetas
572 3586 808 3650 transmarinas
822 3585 892 3652 fieri
907 3584 1048 3652 voluerit
1062 3603 1107 3648 ex
1121 3581 1184 3647 hiis
1199 3581 1289 3650 fiant.

351 3689 548 3773 Danuuius.
592 3687 655 3754 Est
669 3688 796 3773 aliquid
812 3689 845 3754 in
860 3687 1015 3773 predictis
1030 3687 1122 3770 quod
1137 3705 1192 3752 me
1206 3686 1328 3771 pulsat.

352 3793 527 3876 Magister.
571 3791 635 3856 Dic
650 3812 740 3878 ergo.

351 3895 550 3982 Discipulus.
594 3896 716 3962 Dixisti
735 3896 763 3962 si
782 3895 868 3962 bene
887 3893 1022 3961 memini
1036 3893 1129 3979 quod
1144 3893 1188 3959 ad
1209 3897 1413 3964 scaccarium

262 4030 296 4086 ³⁵
308 4006 510 4088 quandoque
530 3999 689 4068 soluenda
704 3999 852 4065 differtur
865 3999 1003 4085 pecunia
1017 4019 1083 4084 que
1096 3999 1260 4065 iudicatur
1273 3999 1411 4085 indigna

345 4135 523 4210 3non1ltR
591 4136 609 4192 6
626 4135 783 4193 aRcorr.:
802 4135 839 4192 ab
854 4135 934 4192 CNR
1027 4136 1098 4192 6-12
1111 4135 1353 4207 computatoribm

309 4208 411 4264 estN'
474 4206 798 4279 squanrumcumquec
857 4221 885 4260 rr
907 4207 1137 4274 Quatuorom.N
1194 4221 1226 4261 η
1245 4207 1300 4262 hoc
1311 4209 1416 4263 ΜΝ

312 4279 344 4332 18
362 4279 392 4333 in
481 4277 672 4332 Νἱκνωκνα
743 4288 832 4345 24,25
988 4275 995 4288 '
1061 4277 1412 4348 R:excousequentibus

309 4346 381 4402 sicut
532 4357 566 4416 35
584 4345 712 4402 differtur
723 4351 789 4399 aare
805 4345 903 4402 solueu
947 4347 1034 4415 poni!
1044 4348 1080 4415 R,
1087 4351 1155 4418 post
1165 4347 1324 4419 pecuniaC
