<?xml version="1.0" encoding="UTF-8"?>
<!DOCTYPE html PUBLIC "-//W3C//DTD XHTML 1.0 Transitional//EN"
    "http://www.w3.org/TR/xhtml1/DTD/xhtml1-transitional.dtd">
<html xmlns="http://www.w3.org/1999/xhtml" xml:lang="en" lang="en">
 <head>
  <title>
</title>
<meta http-equiv="Content-Type" content="text/html;charset=utf-8" />
  <meta name='ocr-system' content='tesseract 3.04.00' />
  <meta name='ocr-capabilities' content='ocr_page ocr_carea ocr_par ocr_line ocrx_word'/>
</head>
<body>
  <div class='ocr_page' id='page_1' title='image "./denecessariisob00johngoog_0069.png"; bbox 0 0 3086 4822; ppageno 0'>
   <div class='ocr_carea' id='block_1_1' title="bbox 313 277 1404 386">
    <p class='ocr_par' dir='ltr' id='par_1_1' title="bbox 313 277 1404 386">
     <span class='ocr_line' id='line_1_1' title="bbox 313 277 1404 386; baseline 0 -40"><span class='ocrx_word' id='word_1_1' title='bbox 313 283 357 366; x_wconf 85' lang='lat'>56</span> <span class='ocrx_word' id='word_1_2' title='bbox 682 279 750 348; x_wconf 83' lang='lat' dir='ltr'>DE</span> <span class='ocrx_word' id='word_1_3' title='bbox 772 279 1047 386; x_wconf 70' lang='lat' dir='ltr'>scAccnkto</span> <span class='ocrx_word' id='word_1_4' title='bbox 1240 277 1361 370; x_wconf 74' lang='lat' dir='ltr'>[ensa</span> <span class='ocrx_word' id='word_1_5' title='bbox 1378 296 1404 346; x_wconf 75' lang='lat' dir='ltr'>n</span> 
     </span>
    </p>
   </div>
   <div class='ocr_carea' id='block_1_2' title="bbox 280 449 1410 953">
    <p class='ocr_par' dir='ltr' id='par_1_2' title="bbox 280 449 1410 953">
     <span class='ocr_line' id='line_1_2' title="bbox 308 449 1408 537; baseline 0.002 -22"><span class='ocrx_word' id='word_1_6' title='bbox 308 450 370 517; x_wconf 89' lang='lat' dir='ltr'>sibi</span> <span class='ocrx_word' id='word_1_7' title='bbox 392 449 590 533; x_wconf 82' lang='lat' dir='ltr'>blandiatur,</span> <span class='ocrx_word' id='word_1_8' title='bbox 612 471 688 518; x_wconf 87' lang='lat' dir='ltr'>cum</span> <span class='ocrx_word' id='word_1_9' title='bbox 711 452 754 517; x_wconf 91' lang='lat' dir='ltr'>de</span> <span class='ocrx_word' id='word_1_10' title='bbox 776 451 965 518; x_wconf 89' lang='lat' dir='ltr'>huiusmodi</span> <span class='ocrx_word' id='word_1_11' title='bbox 986 451 1146 537; x_wconf 89' lang='lat' dir='ltr'>scripturn</span> <span class='ocrx_word' id='word_1_12' title='bbox 1168 451 1212 518; x_wconf 90' lang='lat' dir='ltr'>sit</span> <span class='ocrx_word' id='word_1_13' title='bbox 1231 453 1408 518; x_wconf 89' lang='lat' dir='ltr'>‘Potentes</span> 
     </span>
     <span class='ocr_line' id='line_1_3' title="bbox 309 553 1408 640; baseline 0.002 -22"><span class='ocrx_word' id='word_1_14' title='bbox 309 563 462 638; x_wconf 89' lang='lat' dir='ltr'>potenter</span> <span class='ocrx_word' id='word_1_15' title='bbox 480 563 645 620; x_wconf 89' lang='lat' dir='ltr'>tormenta</span> <span class='ocrx_word' id='word_1_16' title='bbox 665 553 850 640; x_wconf 68' lang='lat' dir='ltr'>patientur!</span> <span class='ocrx_word' id='word_1_17' title='bbox 897 556 1004 640; x_wconf 81' lang='lat' dir='ltr'><strong>Igitur</strong></span> <span class='ocrx_word' id='word_1_18' title='bbox 1022 555 1274 639; x_wconf 87' lang='lat' dir='ltr'>qualiscumque</span> <span class='ocrx_word' id='word_1_19' title='bbox 1292 555 1408 621; x_wconf 86' lang='lat' dir='ltr'>situel</span> 
     </span>
     <span class='ocr_line' id='line_1_4' title="bbox 308 657 1409 743; baseline 0.001 -22"><span class='ocrx_word' id='word_1_20' title='bbox 308 657 460 722; x_wconf 87' lang='lat' dir='ltr'>videatur</span> <span class='ocrx_word' id='word_1_21' title='bbox 481 658 677 741; x_wconf 88' lang='lat' dir='ltr'>adquirendi</span> <span class='ocrx_word' id='word_1_22' title='bbox 699 679 798 726; x_wconf 88' lang='lat' dir='ltr'>causa</span> <span class='ocrx_word' id='word_1_23' title='bbox 819 658 873 724; x_wconf 91' lang='lat' dir='ltr'>vel</span> <span class='ocrx_word' id='word_1_24' title='bbox 900 659 1029 738; x_wconf 88' lang='lat' dir='ltr'>modus,</span> <span class='ocrx_word' id='word_1_25' title='bbox 1055 657 1118 723; x_wconf 88' lang='lat' dir='ltr'>hiis</span> <span class='ocrx_word' id='word_1_26' title='bbox 1141 659 1197 743; x_wconf 94' lang='lat' dir='ltr'>qui</span> <span class='ocrx_word' id='word_1_27' title='bbox 1221 659 1265 724; x_wconf 92' lang='lat' dir='ltr'>ad</span> <span class='ocrx_word' id='word_1_28' title='bbox 1290 679 1409 724; x_wconf 89' lang='lat' dir='ltr'>eorum</span> 
     </span>
     <span class='ocr_line' id='line_1_5' title="bbox 308 761 1410 847; baseline 0.002 -22"><span class='ocrx_word' id='word_1_29' title='bbox 308 763 494 828; x_wconf 84' lang='lat' dir='ltr'><strong>custodiam</strong></span> <span class='ocrx_word' id='word_1_30' title='bbox 521 783 567 827; x_wconf 85' lang='lat' dir='ltr'>ex</span> <span class='ocrx_word' id='word_1_31' title='bbox 591 761 699 828; x_wconf 85' lang='lat' dir='ltr'>officio</span> <span class='ocrx_word' id='word_1_32' title='bbox 723 764 930 847; x_wconf 87' lang='lat' dir='ltr'>deputantur</span> <span class='ocrx_word' id='word_1_33' title='bbox 954 782 1034 826; x_wconf 84' lang='lat' dir='ltr'>cura</span> <span class='ocrx_word' id='word_1_34' title='bbox 1057 763 1223 828; x_wconf 84' lang='lat' dir='ltr'>remissior</span> <span class='ocrx_word' id='word_1_35' title='bbox 1245 783 1316 827; x_wconf 90' lang='lat' dir='ltr'>esse</span> <span class='ocrx_word' id='word_1_36' title='bbox 1339 783 1410 827; x_wconf 89' lang='lat' dir='ltr'>non</span> 
     </span>
     <span class='ocr_line' id='line_1_6' title="bbox 280 865 1409 953; baseline 0 -23"><span class='ocrx_word' id='word_1_37' title='bbox 280 865 417 947; x_wconf 78' lang='lat' dir='ltr'>sdebet,</span> <span class='ocrx_word' id='word_1_38' title='bbox 440 874 492 931; x_wconf 87' lang='lat' dir='ltr'>set</span> <span class='ocrx_word' id='word_1_39' title='bbox 517 867 551 931; x_wconf 91' lang='lat' dir='ltr'>in</span> <span class='ocrx_word' id='word_1_40' title='bbox 577 865 702 932; x_wconf 89' lang='lat' dir='ltr'>eisdem</span> <span class='ocrx_word' id='word_1_41' title='bbox 726 867 975 953; x_wconf 82' lang='lat' dir='ltr'>congregandis,</span> <span class='ocrx_word' id='word_1_42' title='bbox 1001 866 1237 932; x_wconf 89' lang='lat' dir='ltr'>conseruandis</span> <span class='ocrx_word' id='word_1_43' title='bbox 1259 865 1312 931; x_wconf 90' lang='lat' dir='ltr'>vel</span> <span class='ocrx_word' id='word_1_44' title='bbox 1339 867 1409 930; x_wconf 90' lang='lat' dir='ltr'>dis·</span> 
     </span>
    </p>
   </div>
   <div class='ocr_carea' id='block_1_3' title="bbox 308 969 1537 1054">
    <p class='ocr_par' dir='ltr' id='par_1_3' title="bbox 308 969 1537 1054">
     <span class='ocr_line' id='line_1_7' title="bbox 308 969 1537 1054; baseline 0.002 -21"><span class='ocrx_word' id='word_1_45' title='bbox 308 969 494 1035; x_wconf 85' lang='lat' dir='ltr'>tribuendis</span> <span class='ocrx_word' id='word_1_46' title='bbox 511 969 686 1036; x_wconf 88' lang='lat' dir='ltr'>sollicitam</span> <span class='ocrx_word' id='word_1_47' title='bbox 707 972 803 1037; x_wconf 89' lang='lat' dir='ltr'>decet</span> <span class='ocrx_word' id='word_1_48' title='bbox 819 990 891 1037; x_wconf 87' lang='lat' dir='ltr'>esse</span> <span class='ocrx_word' id='word_1_49' title='bbox 909 969 1117 1054; x_wconf 85' lang='lat' dir='ltr'>diligentiam</span> <span class='ocrx_word' id='word_1_50' title='bbox 1131 972 1226 1054; x_wconf 87' lang='lat' dir='ltr'>quasi</span> <span class='ocrx_word' id='word_1_51' title='bbox 1245 971 1409 1036; x_wconf 89' lang='lat' dir='ltr'>rationem</span> <span class='ocrx_word' id='word_1_52' title='bbox 1536 1011 1537 1014; x_wconf 60' lang='lat'><em>=</em></span> 
     </span>
    </p>
   </div>
   <div class='ocr_carea' id='block_1_4' title="bbox 308 1072 1409 1161">
    <p class='ocr_par' dir='ltr' id='par_1_4' title="bbox 308 1072 1409 1161">
     <span class='ocr_line' id='line_1_8' title="bbox 308 1072 1409 1161; baseline 0.005 -26"><span class='ocrx_word' id='word_1_53' title='bbox 308 1073 485 1138; x_wconf 89' lang='lat' dir='ltr'>reddituris</span> <span class='ocrx_word' id='word_1_54' title='bbox 504 1074 547 1139; x_wconf 91' lang='lat' dir='ltr'>de</span> <span class='ocrx_word' id='word_1_55' title='bbox 568 1073 661 1161; x_wconf 85' lang='lat' dir='ltr'>regni</span> <span class='ocrx_word' id='word_1_56' title='bbox 681 1085 770 1140; x_wconf 89' lang='lat' dir='ltr'>statu</span> <span class='ocrx_word' id='word_1_57' title='bbox 787 1075 844 1159; x_wconf 94' lang='lat' dir='ltr'>qui</span> <span class='ocrx_word' id='word_1_58' title='bbox 862 1095 922 1158; x_wconf 91' lang='lat' dir='ltr'>per</span> <span class='ocrx_word' id='word_1_59' title='bbox 936 1074 997 1140; x_wconf 89' lang='lat' dir='ltr'>hec</span> <span class='ocrx_word' id='word_1_60' title='bbox 1019 1072 1194 1138; x_wconf 89' lang='lat' dir='ltr'>incolumis</span> <span class='ocrx_word' id='word_1_61' title='bbox 1209 1083 1409 1157; x_wconf 84' lang='lat' dir='ltr'>perseuerat.</span> 
     </span>
    </p>
   </div>
   <div class='ocr_carea' id='block_1_5' title="bbox 274 1175 1537 1264">
    <p class='ocr_par' dir='ltr' id='par_1_5' title="bbox 274 1175 1537 1264">
     <span class='ocr_line' id='line_1_9' title="bbox 274 1175 1537 1264; baseline 0.003 -26"><span class='ocrx_word' id='word_1_62' title='bbox 274 1175 472 1242; x_wconf 85' lang='lat' dir='ltr'>BNouimus</span> <span class='ocrx_word' id='word_1_63' title='bbox 496 1176 632 1261; x_wconf 89' lang='lat' dir='ltr'>quidem</span> <span class='ocrx_word' id='word_1_64' title='bbox 659 1178 845 1264; x_wconf 89' lang='lat' dir='ltr'>prudentia,</span> <span class='ocrx_word' id='word_1_65' title='bbox 866 1177 1069 1251; x_wconf 84' lang='lat' dir='ltr'>fortitudine,</span> <span class='ocrx_word' id='word_1_66' title='bbox 1092 1177 1312 1262; x_wconf 82' lang='lat' dir='ltr'>temperantia</span> <span class='ocrx_word' id='word_1_67' title='bbox 1336 1177 1410 1242; x_wconf 91' lang='lat' dir='ltr'>siue</span> <span class='ocrx_word' id='word_1_68' title='bbox 1536 1239 1537 1242; x_wconf 74' lang='grc'>,</span> 
     </span>
    </p>
   </div>
   <div class='ocr_carea' id='block_1_6' title="bbox 265 1278 1411 1463">
    <p class='ocr_par' dir='ltr' id='par_1_6' title="bbox 265 1278 1411 1463">
     <span class='ocr_line' id='line_1_10' title="bbox 307 1278 1410 1365; baseline 0.001 -21"><span class='ocrx_word' id='word_1_69' title='bbox 307 1278 443 1359; x_wconf 87' lang='lat' dir='ltr'>iustitia,</span> <span class='ocrx_word' id='word_1_70' title='bbox 454 1281 637 1364; x_wconf 91' lang='lat' dir='ltr'>ceterisque</span> <span class='ocrx_word' id='word_1_71' title='bbox 647 1281 824 1348; x_wconf 92' lang='lat' dir='ltr'>virtutibus</span> <span class='ocrx_word' id='word_1_72' title='bbox 837 1279 1062 1365; x_wconf 86' lang='lat' dir='ltr'>principaliter</span> <span class='ocrx_word' id='word_1_73' title='bbox 1073 1301 1174 1364; x_wconf 89' lang='lat' dir='ltr'>regna</span> <span class='ocrx_word' id='word_1_74' title='bbox 1185 1280 1254 1364; x_wconf 88' lang='lat' dir='ltr'>regi</span> <span class='ocrx_word' id='word_1_75' title='bbox 1269 1279 1410 1364; x_wconf 89' lang='lat' dir='ltr'>iuraque</span> 
     </span>
     <span class='ocr_line' id='line_1_11' title="bbox 265 1383 1411 1463; baseline 0.006 -21"><span class='ocrx_word' id='word_1_76' title='bbox 265 1383 492 1463; x_wconf 79' lang='lat' dir='ltr'>rosubsistere,</span> <span class='ocrx_word' id='word_1_77' title='bbox 514 1386 602 1450; x_wconf 88' lang='lat' dir='ltr'>vnde</span> <span class='ocrx_word' id='word_1_78' title='bbox 624 1393 658 1450; x_wconf 93' lang='lat' dir='ltr'>et</span> <span class='ocrx_word' id='word_1_79' title='bbox 680 1383 743 1449; x_wconf 91' lang='lat' dir='ltr'>hiis</span> <span class='ocrx_word' id='word_1_80' title='bbox 765 1385 880 1450; x_wconf 89' lang='lat' dir='ltr'>mundi</span> <span class='ocrx_word' id='word_1_81' title='bbox 903 1384 1086 1450; x_wconf 89' lang='lat' dir='ltr'>rectoribus</span> <span class='ocrx_word' id='word_1_82' title='bbox 1109 1384 1188 1449; x_wconf 90' lang='lat' dir='ltr'>totis</span> <span class='ocrx_word' id='word_1_83' title='bbox 1210 1394 1260 1448; x_wconf 92' lang='lat' dir='ltr'>est</span> <span class='ocrx_word' id='word_1_84' title='bbox 1281 1383 1411 1449; x_wconf 88' lang='lat' dir='ltr'>viribus</span> 
     </span>
    </p>
   </div>
   <div class='ocr_carea' id='block_1_7' title="bbox 265 1486 1537 3334">
    <p class='ocr_par' dir='ltr' id='par_1_7' title="bbox 265 1473 1537 3334">
     <span class='ocr_line' id='line_1_12' title="bbox 307 1486 1409 1572; baseline 0.001 -22"><span class='ocrx_word' id='word_1_85' title='bbox 307 1486 535 1554; x_wconf 88' lang='lat' dir='ltr'>insistendum.</span> <span class='ocrx_word' id='word_1_86' title='bbox 581 1487 641 1554; x_wconf 90' lang='lat' dir='ltr'>Set</span> <span class='ocrx_word' id='word_1_87' title='bbox 665 1487 703 1553; x_wconf 86' lang='lat' dir='ltr'>fit</span> <span class='ocrx_word' id='word_1_88' title='bbox 729 1489 894 1554; x_wconf 88' lang='lat' dir='ltr'>interdum</span> <span class='ocrx_word' id='word_1_89' title='bbox 917 1496 955 1552; x_wconf 91' lang='lat' dir='ltr'>vt</span> <span class='ocrx_word' id='word_1_90' title='bbox 977 1487 1067 1572; x_wconf 89' lang='lat' dir='ltr'>quod</span> <span class='ocrx_word' id='word_1_91' title='bbox 1090 1507 1173 1552; x_wconf 88' lang='lat' dir='ltr'>sano</span> <span class='ocrx_word' id='word_1_92' title='bbox 1195 1487 1331 1553; x_wconf 90' lang='lat' dir='ltr'>consilio</span> <span class='ocrx_word' id='word_1_93' title='bbox 1353 1487 1409 1552; x_wconf 88' lang='lat' dir='ltr'>vel</span> 
     </span>
     <span class='ocr_line' id='line_1_13' title="bbox 308 1589 1537 1676; baseline 0.001 -22"><span class='ocrx_word' id='word_1_94' title='bbox 308 1589 483 1658; x_wconf 87' lang='lat' dir='ltr'>excellenti</span> <span class='ocrx_word' id='word_1_95' title='bbox 516 1600 628 1658; x_wconf 88' lang='lat' dir='ltr'>mente</span> <span class='ocrx_word' id='word_1_96' title='bbox 660 1591 845 1676; x_wconf 89' lang='lat' dir='ltr'>concipitur</span> <span class='ocrx_word' id='word_1_97' title='bbox 876 1591 1100 1658; x_wconf 87' lang='lat' dir='ltr'>intercedente</span> <span class='ocrx_word' id='word_1_98' title='bbox 1135 1591 1273 1675; x_wconf 89' lang='lat' dir='ltr'>pecunia</span> <span class='ocrx_word' id='word_1_99' title='bbox 1306 1590 1409 1656; x_wconf 89' lang='lat' dir='ltr'>citius</span> <span class='ocrx_word' id='word_1_100' title='bbox 1536 1599 1537 1644; x_wconf 62' lang='grc' dir='ltr'><strong>ἒ</strong></span> 
     </span>
     <span class='ocr_line' id='line_1_14' title="bbox 308 1693 1537 1780; baseline 0 -21"><span class='ocrx_word' id='word_1_101' title='bbox 308 1694 516 1761; x_wconf 88' lang='lat' dir='ltr'>conualescat</span> <span class='ocrx_word' id='word_1_102' title='bbox 548 1704 582 1760; x_wconf 92' lang='lat' dir='ltr'>et</span> <span class='ocrx_word' id='word_1_103' title='bbox 613 1696 704 1779; x_wconf 91' lang='lat' dir='ltr'>quod</span> <span class='ocrx_word' id='word_1_104' title='bbox 734 1694 868 1760; x_wconf 84' lang='lat' dir='ltr'>difficile</span> <span class='ocrx_word' id='word_1_105' title='bbox 900 1695 1075 1761; x_wconf 85' lang='lat' dir='ltr'>videbatur</span> <span class='ocrx_word' id='word_1_106' title='bbox 1107 1715 1167 1780; x_wconf 88' lang='lat' dir='ltr'>per</span> <span class='ocrx_word' id='word_1_107' title='bbox 1195 1694 1280 1761; x_wconf 89' lang='lat' dir='ltr'>hanc</span> <span class='ocrx_word' id='word_1_108' title='bbox 1312 1695 1410 1779; x_wconf 81' lang='lat' dir='ltr'>quasi</span> <span class='ocrx_word' id='word_1_109' title='bbox 1536 1693 1537 1766; x_wconf 61' lang='lat' dir='ltr'>r</span> 
     </span>
     <span class='ocr_line' id='line_1_15' title="bbox 308 1781 1537 1883; baseline -0.002 -21"><span class='ocrx_word' id='word_1_110' title='bbox 308 1818 367 1883; x_wconf 91' lang='lat' dir='ltr'>per</span> <span class='ocrx_word' id='word_1_111' title='bbox 391 1799 561 1881; x_wconf 90' lang='lat' dir='ltr'>quandam</span> <span class='ocrx_word' id='word_1_112' title='bbox 591 1799 797 1883; x_wconf 87' lang='lat' dir='ltr'>negotiorum</span> <span class='ocrx_word' id='word_1_113' title='bbox 827 1799 1001 1864; x_wconf 89' lang='lat' dir='ltr'>metodum</span> <span class='ocrx_word' id='word_1_114' title='bbox 1031 1797 1162 1864; x_wconf 83' lang='lat' dir='ltr'>facilem</span> <span class='ocrx_word' id='word_1_115' title='bbox 1186 1807 1411 1881; x_wconf 88' lang='lat' dir='ltr'>consequatur</span> <span class='ocrx_word' id='word_1_116' title='bbox 1536 1781 1537 1860; x_wconf 75' lang='lat' dir='ltr'>l</span> 
     </span>
     <span class='ocr_line' id='line_1_16' title="bbox 265 1895 1537 1986; baseline 0 -20"><span class='ocrx_word' id='word_1_117' title='bbox 265 1917 294 1966; x_wconf 84' lang='lat'>¹5</span> <span class='ocrx_word' id='word_1_118' title='bbox 308 1901 472 1967; x_wconf 83' lang='lat' dir='ltr'>ellectum.</span> <span class='ocrx_word' id='word_1_119' title='bbox 517 1903 597 1969; x_wconf 89' lang='lat' dir='ltr'>Non</span> <span class='ocrx_word' id='word_1_120' title='bbox 620 1901 727 1967; x_wconf 89' lang='lat' dir='ltr'>solum</span> <span class='ocrx_word' id='word_1_121' title='bbox 753 1911 866 1969; x_wconf 89' lang='lat' dir='ltr'>autem</span> <span class='ocrx_word' id='word_1_122' title='bbox 892 1901 1085 1968; x_wconf 84' lang='lat' dir='ltr'>hostilitatis</span> <span class='ocrx_word' id='word_1_123' title='bbox 1110 1911 1162 1967; x_wconf 87' lang='lat' dir='ltr'>set</span> <span class='ocrx_word' id='word_1_124' title='bbox 1192 1901 1293 1966; x_wconf 61' lang='lat' dir='ltr'>diam</span> <span class='ocrx_word' id='word_1_125' title='bbox 1317 1902 1410 1986; x_wconf 85' lang='lat' dir='ltr'>pacis</span> <span class='ocrx_word' id='word_1_126' title='bbox 1536 1895 1537 1986; x_wconf 89' lang='lat'>¹</span> 
     </span>
     <span class='ocr_line' id='line_1_17' title="bbox 308 2004 1411 2090; baseline 0 -20"><span class='ocrx_word' id='word_1_127' title='bbox 308 2015 458 2089; x_wconf 89' lang='lat' dir='ltr'>tempore</span> <span class='ocrx_word' id='word_1_128' title='bbox 483 2005 665 2072; x_wconf 87' lang='lat' dir='ltr'>necessaria</span> <span class='ocrx_word' id='word_1_129' title='bbox 686 2007 827 2073; x_wconf 86' lang='lat' dir='ltr'>videtur.</span> <span class='ocrx_word' id='word_1_130' title='bbox 873 2005 936 2072; x_wconf 92' lang='lat' dir='ltr'>Illo</span> <span class='ocrx_word' id='word_1_131' title='bbox 961 2005 1050 2071; x_wconf 88' lang='lat' dir='ltr'>enirn</span> <span class='ocrx_word' id='word_1_132' title='bbox 1080 2004 1113 2069; x_wconf 92' lang='lat' dir='ltr'>in</span> <span class='ocrx_word' id='word_1_133' title='bbox 1143 2005 1327 2090; x_wconf 88' lang='lat' dir='ltr'>municipiis</span> <span class='ocrx_word' id='word_1_134' title='bbox 1353 2005 1411 2070; x_wconf 88' lang='lat' dir='ltr'>fir·</span> 
     </span>
     <span class='ocr_line' id='line_1_18' title="bbox 309 2107 1537 2196; baseline 0.002 -24"><span class='ocrx_word' id='word_1_135' title='bbox 309 2109 450 2189; x_wconf 89' lang='lat' dir='ltr'>mandis,</span> <span class='ocrx_word' id='word_1_136' title='bbox 464 2109 497 2174; x_wconf 93' lang='lat' dir='ltr'>in</span> <span class='ocrx_word' id='word_1_137' title='bbox 511 2107 682 2194; x_wconf 88' lang='lat' dir='ltr'>stipendiis</span> <span class='ocrx_word' id='word_1_138' title='bbox 699 2109 921 2176; x_wconf 84' lang='lat' dir='ltr'>ministrandis</span> <span class='ocrx_word' id='word_1_139' title='bbox 941 2118 977 2176; x_wconf 89' lang='lat' dir='ltr'>et</span> <span class='ocrx_word' id='word_1_140' title='bbox 997 2109 1031 2174; x_wconf 91' lang='lat' dir='ltr'>in</span> <span class='ocrx_word' id='word_1_141' title='bbox 1051 2108 1124 2176; x_wconf 86' lang='lat' dir='ltr'>aliis</span> <span class='ocrx_word' id='word_1_142' title='bbox 1142 2108 1308 2193; x_wconf 89' lang='lat' dir='ltr'>plerisque</span> <span class='ocrx_word' id='word_1_143' title='bbox 1325 2107 1410 2175; x_wconf 89' lang='lat' dir='ltr'>locis</span> <span class='ocrx_word' id='word_1_144' title='bbox 1536 2123 1537 2196; x_wconf 67' lang='lat' dir='ltr'>f</span> 
     </span>
     <span class='ocr_line' id='line_1_19' title="bbox 308 2211 1537 2302; baseline 0.002 -26"><span class='ocrx_word' id='word_1_145' title='bbox 308 2231 369 2296; x_wconf 90' lang='lat' dir='ltr'>pro</span> <span class='ocrx_word' id='word_1_146' title='bbox 392 2211 551 2295; x_wconf 88' lang='lat' dir='ltr'>qualitate</span> <span class='ocrx_word' id='word_1_147' title='bbox 574 2233 789 2297; x_wconf 88' lang='lat' dir='ltr'>personarum</span> <span class='ocrx_word' id='word_1_148' title='bbox 813 2214 857 2280; x_wconf 88' lang='lat' dir='ltr'>ad</span> <span class='ocrx_word' id='word_1_149' title='bbox 881 2213 1147 2279; x_wconf 86' lang='lat' dir='ltr'>conseruandum</span> <span class='ocrx_word' id='word_1_150' title='bbox 1171 2213 1260 2297; x_wconf 87' lang='lat' dir='ltr'>regni</span> <span class='ocrx_word' id='word_1_151' title='bbox 1281 2221 1410 2278; x_wconf 89' lang='lat' dir='ltr'>statum</span> <span class='ocrx_word' id='word_1_152' title='bbox 1536 2245 1537 2302; x_wconf 76' lang='lat' dir='ltr'>j</span> 
     </span>
     <span class='ocr_line' id='line_1_20' title="bbox 309 2313 1537 2401; baseline -0.002 -20"><span class='ocrx_word' id='word_1_153' title='bbox 309 2313 508 2395; x_wconf 82' lang='lat' dir='ltr'>effunditur3</span> <span class='ocrx_word' id='word_1_154' title='bbox 530 2315 594 2380; x_wconf 89' lang='lat' dir='ltr'>hoc</span> <span class='ocrx_word' id='word_1_155' title='bbox 615 2337 703 2395; x_wconf 89' lang='lat' dir='ltr'>vero,</span> <span class='ocrx_word' id='word_1_156' title='bbox 718 2317 796 2383; x_wconf 93' lang='lat' dir='ltr'>licet</span> <span class='ocrx_word' id='word_1_157' title='bbox 815 2336 908 2382; x_wconf 87' lang='lat' dir='ltr'>arma</span> <span class='ocrx_word' id='word_1_158' title='bbox 926 2317 1105 2400; x_wconf 87' lang='lat' dir='ltr'>quiescant,</span> <span class='ocrx_word' id='word_1_159' title='bbox 1124 2335 1145 2380; x_wconf 91' lang='lat' dir='ltr'>a</span> <span class='ocrx_word' id='word_1_160' title='bbox 1163 2315 1294 2382; x_wconf 91' lang='lat' dir='ltr'>deuotis</span> <span class='ocrx_word' id='word_1_161' title='bbox 1315 2315 1410 2401; x_wconf 91' lang='lat' dir='ltr'>prin·</span> <span class='ocrx_word' id='word_1_162' title='bbox 1536 2319 1537 2396; x_wconf 74' lang='lat' dir='ltr'>j</span> 
     </span>
     <span class='ocr_line' id='line_1_21' title="bbox 266 2419 1537 2506; baseline 0.001 -21"><span class='ocrx_word' id='word_1_163' title='bbox 266 2439 297 2474; x_wconf 86' lang='lat'>²0</span> <span class='ocrx_word' id='word_1_164' title='bbox 308 2419 435 2506; x_wconf 80' lang='lat' dir='ltr'>cipibus</span> <span class='ocrx_word' id='word_1_165' title='bbox 454 2428 689 2486; x_wconf 89' lang='lat' dir='ltr'>construuntur</span> <span class='ocrx_word' id='word_1_166' title='bbox 708 2419 852 2500; x_wconf 84' lang='lat' dir='ltr'>basilice,</span> <span class='ocrx_word' id='word_1_167' title='bbox 870 2420 1019 2486; x_wconf 90' lang='lat' dir='ltr'>Christus</span> <span class='ocrx_word' id='word_1_168' title='bbox 1038 2421 1137 2486; x_wconf 90' lang='lat' dir='ltr'>alitur</span> <span class='ocrx_word' id='word_1_169' title='bbox 1155 2429 1190 2485; x_wconf 92' lang='lat' dir='ltr'>et</span> <span class='ocrx_word' id='word_1_170' title='bbox 1210 2419 1351 2486; x_wconf 87' lang='lat' dir='ltr'>vestitur</span> <span class='ocrx_word' id='word_1_171' title='bbox 1374 2419 1410 2484; x_wconf 91' lang='lat' dir='ltr'>in</span> <span class='ocrx_word' id='word_1_172' title='bbox 1536 2471 1537 2486; x_wconf 39' lang='lat' dir='ltr'>r</span> 
     </span>
     <span class='ocr_line' id='line_1_22' title="bbox 309 2521 1537 2609; baseline -0.002 -20"><span class='ocrx_word' id='word_1_173' title='bbox 309 2543 455 2608; x_wconf 85' lang='lat' dir='ltr'>paupere</span> <span class='ocrx_word' id='word_1_174' title='bbox 477 2533 511 2589; x_wconf 90' lang='lat' dir='ltr'>et</span> <span class='ocrx_word' id='word_1_175' title='bbox 532 2525 651 2590; x_wconf 87' lang='lat' dir='ltr'>ceteris</span> <span class='ocrx_word' id='word_1_176' title='bbox 672 2524 826 2609; x_wconf 90' lang='lat' dir='ltr'>operibus</span> <span class='ocrx_word' id='word_1_177' title='bbox 850 2525 1072 2591; x_wconf 83' lang='lat' dir='ltr'>misericordie</span> <span class='ocrx_word' id='word_1_178' title='bbox 1092 2524 1276 2591; x_wconf 87' lang='lat' dir='ltr'>insistendo</span> <span class='ocrx_word' id='word_1_179' title='bbox 1300 2543 1411 2588; x_wconf 87' lang='lat' dir='ltr'>mam·</span> <span class='ocrx_word' id='word_1_180' title='bbox 1536 2521 1537 2586; x_wconf 56' lang='lat' dir='ltr'>i</span> 
     </span>
     <span class='ocr_line' id='line_1_23' title="bbox 310 2627 1537 2713; baseline -0.002 -21"><span class='ocrx_word' id='word_1_181' title='bbox 310 2649 410 2695; x_wconf 89' lang='lat' dir='ltr'>mona</span> <span class='ocrx_word' id='word_1_182' title='bbox 439 2628 653 2694; x_wconf 89' lang='lat' dir='ltr'>distribuitur.</span> <span class='ocrx_word' id='word_1_183' title='bbox 699 2627 738 2693; x_wconf 89' lang='lat' dir='ltr'>ln</span> <span class='ocrx_word' id='word_1_184' title='bbox 767 2629 938 2712; x_wconf 85' lang='lat' dir='ltr'>utriusque</span> <span class='ocrx_word' id='word_1_185' title='bbox 966 2649 1044 2695; x_wconf 88' lang='lat' dir='ltr'>veto</span> <span class='ocrx_word' id='word_1_186' title='bbox 1072 2627 1233 2713; x_wconf 90' lang='lat' dir='ltr'>temporis</span> <span class='ocrx_word' id='word_1_187' title='bbox 1265 2627 1412 2692; x_wconf 84' lang='lat' dir='ltr'>strenuis</span> <span class='ocrx_word' id='word_1_188' title='bbox 1536 2665 1537 2690; x_wconf 75' lang='lat'>1</span> 
     </span>
     <span class='ocr_line' id='line_1_24' title="bbox 309 2729 1537 2816; baseline -0.002 -19"><span class='ocrx_word' id='word_1_189' title='bbox 309 2731 437 2798; x_wconf 87' lang='lat' dir='ltr'>actibus</span> <span class='ocrx_word' id='word_1_190' title='bbox 457 2731 565 2816; x_wconf 90' lang='lat' dir='ltr'>gloria</span> <span class='ocrx_word' id='word_1_191' title='bbox 586 2731 772 2815; x_wconf 89' lang='lat' dir='ltr'>principum</span> <span class='ocrx_word' id='word_1_192' title='bbox 795 2741 866 2811; x_wconf 89' lang='lat' dir='ltr'>est;</span> <span class='ocrx_word' id='word_1_193' title='bbox 896 2742 947 2798; x_wconf 92' lang='lat' dir='ltr'>set</span> <span class='ocrx_word' id='word_1_194' title='bbox 968 2730 1103 2797; x_wconf 91' lang='lat' dir='ltr'>excellit</span> <span class='ocrx_word' id='word_1_195' title='bbox 1125 2731 1245 2796; x_wconf 88' lang='lat' dir='ltr'>inhiis</span> <span class='ocrx_word' id='word_1_196' title='bbox 1266 2729 1323 2795; x_wconf 92' lang='lat' dir='ltr'>vbi</span> <span class='ocrx_word' id='word_1_197' title='bbox 1344 2749 1410 2814; x_wconf 91' lang='lat' dir='ltr'>pro</span> <span class='ocrx_word' id='word_1_198' title='bbox 1536 2763 1537 2812; x_wconf 52' lang='grc' dir='ltr'><strong>ς</strong></span> 
     </span>
     <span class='ocr_line' id='line_1_25' title="bbox 309 2831 1537 2922; baseline -0.002 -22"><span class='ocrx_word' id='word_1_199' title='bbox 309 2835 547 2922; x_wconf 88' lang='lat' dir='ltr'>temporalibus</span> <span class='ocrx_word' id='word_1_200' title='bbox 572 2832 740 2919; x_wconf 88' lang='lat' dir='ltr'>impensis,</span> <span class='ocrx_word' id='word_1_201' title='bbox 767 2831 853 2900; x_wconf 85' lang='lat' dir='ltr'>ielici</span> <span class='ocrx_word' id='word_1_202' title='bbox 879 2835 1091 2901; x_wconf 89' lang='lat' dir='ltr'>mercimonio</span> <span class='ocrx_word' id='word_1_203' title='bbox 1115 2853 1270 2900; x_wconf 89' lang='lat' dir='ltr'>mansura</span> <span class='ocrx_word' id='word_1_204' title='bbox 1294 2851 1409 2898; x_wconf 85' lang='lat' dir='ltr'>succe·</span> <span class='ocrx_word' id='word_1_205' title='bbox 1536 2833 1537 2914; x_wconf 66' lang='lat' dir='ltr'>l</span> 
     </span>
     <span class='ocr_line' id='line_1_26' title="bbox 267 2936 1537 3022; baseline -0.004 -15"><span class='ocrx_word' id='word_1_206' title='bbox 267 2957 296 3008; x_wconf 61' lang='grc' dir='ltr'>τε</span> <span class='ocrx_word' id='word_1_207' title='bbox 310 2941 403 3004; x_wconf 89' lang='lat' dir='ltr'>dunt.</span> <span class='ocrx_word' id='word_1_208' title='bbox 449 2939 501 3004; x_wconf 91' lang='lat' dir='ltr'>Ea</span> <span class='ocrx_word' id='word_1_209' title='bbox 526 2949 671 3022; x_wconf 89' lang='lat' dir='ltr'>propter,</span> <span class='ocrx_word' id='word_1_210' title='bbox 695 2957 756 3002; x_wconf 84' lang='lat' dir='ltr'>rex</span> <span class='ocrx_word' id='word_1_211' title='bbox 782 2936 924 3014; x_wconf 88' lang='lat' dir='ltr'>illustris,</span> <span class='ocrx_word' id='word_1_212' title='bbox 952 2940 1194 3005; x_wconf 88' lang='lat' dir='ltr'>mundanorum</span> <span class='ocrx_word' id='word_1_213' title='bbox 1218 2937 1410 3021; x_wconf 86' lang='lat' dir='ltr'>principum</span> <span class='ocrx_word' id='word_1_214' title='bbox 1536 2999 1537 3002; x_wconf 74' lang='grc'>,</span> 
     </span>
     <span class='ocr_line' id='line_1_27' title="bbox 310 3023 1537 3127; baseline -0.002 -21"><span class='ocrx_word' id='word_1_215' title='bbox 310 3042 466 3121; x_wconf 86' lang='lat' dir='ltr'>maxime,</span> <span class='ocrx_word' id='word_1_216' title='bbox 481 3043 559 3125; x_wconf 89' lang='lat' dir='ltr'>quia</span> <span class='ocrx_word' id='word_1_217' title='bbox 577 3062 656 3126; x_wconf 91' lang='lat' dir='ltr'>sepe</span> <span class='ocrx_word' id='word_1_218' title='bbox 675 3051 710 3106; x_wconf 92' lang='lat' dir='ltr'>te</span> <span class='ocrx_word' id='word_1_219' title='bbox 727 3040 870 3106; x_wconf 89' lang='lat' dir='ltr'>vidimus</span> <span class='ocrx_word' id='word_1_220' title='bbox 884 3049 1024 3125; x_wconf 81' lang='lat' dir='ltr'>utroque</span> <span class='ocrx_word' id='word_1_221' title='bbox 1045 3051 1197 3127; x_wconf 85' lang='lat' dir='ltr'>tempore</span> <span class='ocrx_word' id='word_1_222' title='bbox 1219 3039 1412 3125; x_wconf 89' lang='lat' dir='ltr'>gloriosum,</span> <span class='ocrx_word' id='word_1_223' title='bbox 1536 3023 1537 3116; x_wconf 75' lang='lat'>¹</span> 
     </span>
     <span class='ocr_line' id='line_1_28' title="bbox 310 3127 1537 3231; baseline 0.001 -22"><span class='ocrx_word' id='word_1_224' title='bbox 310 3165 378 3210; x_wconf 91' lang='lat' dir='ltr'>non</span> <span class='ocrx_word' id='word_1_225' title='bbox 397 3154 585 3231; x_wconf 88' lang='lat' dir='ltr'>parcentem</span> <span class='ocrx_word' id='word_1_226' title='bbox 605 3143 741 3228; x_wconf 89' lang='lat' dir='ltr'>quidem</span> <span class='ocrx_word' id='word_1_227' title='bbox 760 3145 897 3228; x_wconf 87' lang='lat' dir='ltr'>pecunie</span> <span class='ocrx_word' id='word_1_228' title='bbox 917 3143 1087 3218; x_wconf 82' lang='lat' dir='ltr'>thesauris,</span> <span class='ocrx_word' id='word_1_229' title='bbox 1103 3155 1154 3211; x_wconf 87' lang='lat' dir='ltr'>set</span> <span class='ocrx_word' id='word_1_230' title='bbox 1171 3165 1233 3228; x_wconf 90' lang='lat' dir='ltr'>pro</span> <span class='ocrx_word' id='word_1_231' title='bbox 1248 3143 1331 3222; x_wconf 91' lang='lat' dir='ltr'>loco,</span> <span class='ocrx_word' id='word_1_232' title='bbox 1346 3165 1411 3229; x_wconf 90' lang='lat' dir='ltr'>pro</span> <span class='ocrx_word' id='word_1_233' title='bbox 1536 3127 1537 3200; x_wconf 58' lang='grc' dir='ltr'>ἶ</span> 
     </span>
     <span class='ocr_line' id='line_1_29' title="bbox 309 3244 1537 3334; baseline 0 -22"><span class='ocrx_word' id='word_1_234' title='bbox 309 3257 470 3332; x_wconf 89' lang='lat' dir='ltr'>tempore,</span> <span class='ocrx_word' id='word_1_235' title='bbox 500 3269 561 3334; x_wconf 90' lang='lat' dir='ltr'>pro</span> <span class='ocrx_word' id='word_1_236' title='bbox 591 3248 747 3331; x_wconf 88' lang='lat' dir='ltr'>personis,</span> <span class='ocrx_word' id='word_1_237' title='bbox 775 3245 948 3333; x_wconf 89' lang='lat' dir='ltr'>legittimis</span> <span class='ocrx_word' id='word_1_238' title='bbox 977 3249 1165 3332; x_wconf 87' lang='lat' dir='ltr'>sumptibus</span> <span class='ocrx_word' id='word_1_239' title='bbox 1194 3247 1411 3330; x_wconf 87' lang='lat' dir='ltr'>insistentem,</span> <span class='ocrx_word' id='word_1_240' title='bbox 1536 3244 1537 3328; x_wconf 57' lang='grc' dir='ltr'>ξ</span> 
     </span>
    </p>
   </div>
   <div class='ocr_carea' id='block_1_8' title="bbox 186 3349 1537 3831">
    <p class='ocr_par' dir='ltr' id='par_1_8' title="bbox 186 3349 1537 3864">
     <span class='ocr_line' id='line_1_30' title="bbox 186 3349 1537 3441; baseline 0 -25"><span class='ocrx_word' id='word_1_241' title='bbox 186 3375 188 3380; x_wconf 71' lang='grc'><strong>’</strong></span> <span class='ocrx_word' id='word_1_242' title='bbox 311 3352 480 3418; x_wconf 89' lang='lat' dir='ltr'>modicum</span> <span class='ocrx_word' id='word_1_243' title='bbox 503 3372 588 3436; x_wconf 91' lang='lat' dir='ltr'>opus</span> <span class='ocrx_word' id='word_1_244' title='bbox 617 3349 813 3417; x_wconf 84' lang='lat' dir='ltr'>excellentie</span> <span class='ocrx_word' id='word_1_245' title='bbox 835 3358 892 3415; x_wconf 91' lang='lat' dir='ltr'>tue</span> <span class='ocrx_word' id='word_1_246' title='bbox 926 3352 1132 3431; x_wconf 88' lang='lat' dir='ltr'>deuouimus,</span> <span class='ocrx_word' id='word_1_247' title='bbox 1154 3373 1222 3418; x_wconf 89' lang='lat' dir='ltr'>non</span> <span class='ocrx_word' id='word_1_248' title='bbox 1243 3352 1287 3416; x_wconf 92' lang='lat' dir='ltr'>de</span> <span class='ocrx_word' id='word_1_249' title='bbox 1309 3351 1412 3416; x_wconf 90' lang='lat' dir='ltr'>rebus</span> <span class='ocrx_word' id='word_1_250' title='bbox 1536 3421 1537 3441; x_wconf 50' lang='lat'>,</span> 
     </span>
     <span class='ocr_line' id='line_1_31' title="bbox 267 3451 1537 3538; baseline -0.004 -13"><span class='ocrx_word' id='word_1_251' title='bbox 267 3475 298 3525; x_wconf 80' lang='lat'>³0</span> <span class='ocrx_word' id='word_1_252' title='bbox 310 3455 445 3538; x_wconf 87' lang='lat' dir='ltr'>quidem</span> <span class='ocrx_word' id='word_1_253' title='bbox 479 3454 608 3538; x_wconf 89' lang='lat' dir='ltr'>magnis</span> <span class='ocrx_word' id='word_1_254' title='bbox 636 3454 689 3520; x_wconf 90' lang='lat' dir='ltr'>vel</span> <span class='ocrx_word' id='word_1_255' title='bbox 718 3453 888 3520; x_wconf 91' lang='lat' dir='ltr'>luculento</span> <span class='ocrx_word' id='word_1_256' title='bbox 917 3475 1069 3521; x_wconf 86' lang='lat' dir='ltr'>sermone</span> <span class='ocrx_word' id='word_1_257' title='bbox 1098 3455 1327 3538; x_wconf 88' lang='lat' dir='ltr'>compositum,</span> <span class='ocrx_word' id='word_1_258' title='bbox 1356 3463 1412 3520; x_wconf 86' lang='lat' dir='ltr'>set</span> <span class='ocrx_word' id='word_1_259' title='bbox 1536 3451 1537 3536; x_wconf 65' lang='lat' dir='ltr'>i</span> 
     </span>
     <span class='ocr_line' id='line_1_32' title="bbox 311 3541 1537 3643; baseline -0.002 -20"><span class='ocrx_word' id='word_1_260' title='bbox 311 3558 431 3643; x_wconf 86' lang='lat' dir='ltr'>agresti</span> <span class='ocrx_word' id='word_1_261' title='bbox 446 3557 522 3624; x_wconf 91' lang='lat' dir='ltr'>stilo</span> <span class='ocrx_word' id='word_1_262' title='bbox 537 3559 581 3624; x_wconf 90' lang='lat' dir='ltr'>de</span> <span class='ocrx_word' id='word_1_263' title='bbox 595 3559 751 3624; x_wconf 90' lang='lat' dir='ltr'>scaccarii</span> <span class='ocrx_word' id='word_1_264' title='bbox 765 3557 814 3624; x_wconf 91' lang='lat' dir='ltr'>tui</span> <span class='ocrx_word' id='word_1_265' title='bbox 829 3559 1021 3624; x_wconf 87' lang='lat' dir='ltr'>necessariis</span> <span class='ocrx_word' id='word_1_266' title='bbox 1036 3543 1285 3624; x_wconf 70' lang='lat' dir='ltr'>obseruanciis.¹</span> <span class='ocrx_word' id='word_1_267' title='bbox 1306 3557 1413 3622; x_wconf 91' lang='lat' dir='ltr'>Porro</span> <span class='ocrx_word' id='word_1_268' title='bbox 1536 3541 1537 3568; x_wconf 88' lang='lat'>¹</span> 
     </span>
     <span class='ocr_line' id='line_1_33' title="bbox 310 3659 1537 3748; baseline 0 -22"><span class='ocrx_word' id='word_1_269' title='bbox 310 3681 410 3744; x_wconf 88' lang='lat' dir='ltr'>super</span> <span class='ocrx_word' id='word_1_270' title='bbox 428 3661 492 3726; x_wconf 89' lang='lat' dir='ltr'>hiis</span> <span class='ocrx_word' id='word_1_271' title='bbox 510 3672 546 3728; x_wconf 91' lang='lat' dir='ltr'>te</span> <span class='ocrx_word' id='word_1_272' title='bbox 559 3662 700 3729; x_wconf 89' lang='lat' dir='ltr'>vidimus</span> <span class='ocrx_word' id='word_1_273' title='bbox 720 3662 921 3746; x_wconf 87' lang='lat' dir='ltr'>quandoque</span> <span class='ocrx_word' id='word_1_274' title='bbox 940 3661 1129 3735; x_wconf 87' lang='lat' dir='ltr'>sollicitum,</span> <span class='ocrx_word' id='word_1_275' title='bbox 1144 3661 1231 3726; x_wconf 89' lang='lat' dir='ltr'>adeo</span> <span class='ocrx_word' id='word_1_276' title='bbox 1245 3670 1283 3726; x_wconf 87' lang='lat' dir='ltr'>vt</span> <span class='ocrx_word' id='word_1_277' title='bbox 1302 3659 1413 3726; x_wconf 86' lang='lat' dir='ltr'>missis</span> <span class='ocrx_word' id='word_1_278' title='bbox 1536 3743 1537 3748; x_wconf 8' lang='grc' dir='ltr'>ἵ</span> 
     </span>
     <span class='ocr_line' id='line_1_34' title="bbox 311 3761 1413 3831; baseline -0.002 -2"><span class='ocrx_word' id='word_1_279' title='bbox 311 3764 449 3830; x_wconf 87' lang='lat' dir='ltr'>alatere</span> <span class='ocrx_word' id='word_1_280' title='bbox 464 3773 522 3829; x_wconf 92' lang='lat' dir='ltr'>tuo</span> <span class='ocrx_word' id='word_1_281' title='bbox 535 3765 613 3830; x_wconf 89' lang='lat' dir='ltr'>viris</span> <span class='ocrx_word' id='word_1_282' title='bbox 633 3765 782 3831; x_wconf 87' lang='lat' dir='ltr'>discretis</span> <span class='ocrx_word' id='word_1_283' title='bbox 802 3765 845 3830; x_wconf 90' lang='lat' dir='ltr'>dc</span> <span class='ocrx_word' id='word_1_284' title='bbox 866 3765 985 3830; x_wconf 88' lang='lat' dir='ltr'>eodem</span> <span class='ocrx_word' id='word_1_285' title='bbox 1003 3765 1178 3831; x_wconf 90' lang='lat' dir='ltr'>dominum</span> <span class='ocrx_word' id='word_1_286' title='bbox 1199 3775 1278 3830; x_wconf 92' lang='lat' dir='ltr'>tunc</span> <span class='ocrx_word' id='word_1_287' title='bbox 1298 3761 1413 3828; x_wconf 86' lang='lat' dir='ltr'>Elien·</span> 
     </span>
    </p>
   </div>
   <div class='ocr_carea' id='block_1_9' title="bbox 311 3865 1537 3964">
    <p class='ocr_par' dir='ltr' id='par_1_9' title="bbox 311 3865 1537 3964">
     <span class='ocr_line' id='line_1_35' title="bbox 311 3865 1537 3964; baseline -0.003 -30"><span class='ocrx_word' id='word_1_288' title='bbox 311 3887 382 3934; x_wconf 88' lang='lat' dir='ltr'>sem</span> <span class='ocrx_word' id='word_1_289' title='bbox 397 3867 600 3934; x_wconf 87' lang='lat' dir='ltr'>conueneris.</span> <span class='ocrx_word' id='word_1_290' title='bbox 637 3867 710 3934; x_wconf 88' lang='lat' dir='ltr'>Nec</span> <span class='ocrx_word' id='word_1_291' title='bbox 725 3869 785 3934; x_wconf 85' lang='lat' dir='ltr'>luit</span> <span class='ocrx_word' id='word_1_292' title='bbox 800 3867 981 3964; x_wconf 86' lang='lat' dir='ltr'>absurdum</span> <span class='ocrx_word' id='word_1_293' title='bbox 993 3877 1063 3935; x_wconf 90' lang='lat' dir='ltr'>tam</span> <span class='ocrx_word' id='word_1_294' title='bbox 1076 3865 1270 3934; x_wconf 88' lang='lat' dir='ltr'>excellentis</span> <span class='ocrx_word' id='word_1_295' title='bbox 1284 3865 1414 3951; x_wconf 89' lang='lat' dir='ltr'>ingenii</span> <span class='ocrx_word' id='word_1_296' title='bbox 1536 3871 1537 3944; x_wconf 67' lang='lat' dir='ltr'>i</span> 
     </span>
    </p>
   </div>
   <div class='ocr_carea' id='block_1_10' title="bbox 311 4033 1537 4304">
    <p class='ocr_par' dir='ltr' id='par_1_10' title="bbox 311 4003 1537 4304">
     <span class='ocr_line' id='line_1_36' title="bbox 348 4033 1417 4110; baseline 0.007 -18"><span class='ocrx_word' id='word_1_297' title='bbox 348 4033 540 4107; x_wconf 69' lang='lat' dir='ltr'>3vu12utc</span> <span class='ocrx_word' id='word_1_298' title='bbox 626 4033 784 4106; x_wconf 71' lang='lat' dir='ltr'>nimian</span> <span class='ocrx_word' id='word_1_299' title='bbox 853 4035 1113 4107; x_wconf 60' lang='lat' dir='ltr'>succensente</span> <span class='ocrx_word' id='word_1_300' title='bbox 1188 4035 1417 4110; x_wconf 56' lang='lat' dir='ltr'>002]ch</span> 
     </span>
     <span class='ocr_line' id='line_1_37' title="bbox 311 4107 1415 4178; baseline 0 -14"><span class='ocrx_word' id='word_1_301' title='bbox 311 4119 328 4176; x_wconf 87' lang='lat'><em>7</em></span> <span class='ocrx_word' id='word_1_302' title='bbox 346 4107 508 4176; x_wconf 87' lang='lat' dir='ltr'>reddituris]</span> <span class='ocrx_word' id='word_1_303' title='bbox 520 4107 679 4164; x_wconf 86' lang='lat' dir='ltr'>redditurus</span> <span class='ocrx_word' id='word_1_304' title='bbox 694 4109 719 4165; x_wconf 86' lang='lat' dir='ltr'><em>C</em></span> <span class='ocrx_word' id='word_1_305' title='bbox 787 4107 943 4164; x_wconf 87' lang='lat' dir='ltr'>incolumus</span> <span class='ocrx_word' id='word_1_306' title='bbox 956 4109 981 4165; x_wconf 86' lang='lat' dir='ltr'><em>C</em></span> <span class='ocrx_word' id='word_1_307' title='bbox 1038 4109 1108 4178; x_wconf 86' lang='lat'>8-13</span> <span class='ocrx_word' id='word_1_308' title='bbox 1122 4107 1282 4164; x_wconf 88' lang='lat' dir='ltr'>Nouimus.</span> <span class='ocrx_word' id='word_1_309' title='bbox 1295 4147 1303 4164; x_wconf 86' lang='lat'><strong>.</strong></span> <span class='ocrx_word' id='word_1_310' title='bbox 1316 4148 1323 4164; x_wconf 92' lang='lat'>.</span> <span class='ocrx_word' id='word_1_311' title='bbox 1335 4109 1415 4164; x_wconf 87' lang='lat' dir='ltr'>hauc</span> 
     </span>
     <span class='ocr_line' id='line_1_38' title="bbox 311 4177 1537 4304; baseline -0.001 -68"><span class='ocrx_word' id='word_1_312' title='bbox 311 4179 376 4236; x_wconf 71' lang='lat' dir='ltr'>adri.</span> <span class='ocrx_word' id='word_1_313' title='bbox 389 4177 436 4233; x_wconf 82' lang='lat' dir='ltr'>N&#39;</span> <span class='ocrx_word' id='word_1_314' title='bbox 535 4193 610 4249; x_wconf 88' lang='lat'>9‚10</span> <span class='ocrx_word' id='word_1_315' title='bbox 629 4179 744 4304; x_wconf 57' lang='lat' dir='ltr'>iuralque</span> <span class='ocrx_word' id='word_1_316' title='bbox 761 4177 912 4236; x_wconf 86' lang='lat' dir='ltr'>subsistere</span> <span class='ocrx_word' id='word_1_317' title='bbox 924 4179 1027 4234; x_wconf 79' lang='lat' dir='ltr'>orn.N</span> <span class='ocrx_word' id='word_1_318' title='bbox 1113 4193 1200 4248; x_wconf 83' lang='lat'>12,13</span> <span class='ocrx_word' id='word_1_319' title='bbox 1220 4178 1414 4235; x_wconf 78' lang='lat' dir='ltr'>interoedeune</span> <span class='ocrx_word' id='word_1_320' title='bbox 1536 4185 1537 4218; x_wconf 49' lang='grc' dir='ltr'>ἰ</span> 
     </span>
    </p>
   </div>
   <div class='ocr_carea' id='block_1_11' title="bbox 312 4248 1337 4394">
    <p class='ocr_par' dir='ltr' id='par_1_11' title="bbox 312 4248 1337 4394">
     <span class='ocr_line' id='line_1_39' title="bbox 312 4248 664 4308; baseline 0.011 -5"><span class='ocrx_word' id='word_1_321' title='bbox 312 4248 545 4306; x_wconf 81' lang='lat' dir='ltr'>...videbatur</span> <span class='ocrx_word' id='word_1_322' title='bbox 557 4251 664 4308; x_wconf 76' lang='lat' dir='ltr'>czom.</span> 
     </span>
     <span class='ocr_line' id='line_1_40' title="bbox 313 4318 1337 4394; baseline 0.004 -22"><span class='ocrx_word' id='word_1_323' title='bbox 313 4331 348 4388; x_wconf 83' lang='lat'>23</span> <span class='ocrx_word' id='word_1_324' title='bbox 365 4318 465 4390; x_wconf 75' lang='lat' dir='ltr'>gloria]</span> <span class='ocrx_word' id='word_1_325' title='bbox 477 4319 573 4391; x_wconf 77' lang='lat' dir='ltr'>gracia</span> <span class='ocrx_word' id='word_1_326' title='bbox 584 4321 613 4376; x_wconf 88' lang='lat' dir='ltr'><em>R</em></span> <span class='ocrx_word' id='word_1_327' title='bbox 687 4333 719 4390; x_wconf 82' lang='lat'>31</span> <span class='ocrx_word' id='word_1_328' title='bbox 739 4318 855 4378; x_wconf 79' lang='lat' dir='ltr'>scacarii</span> <span class='ocrx_word' id='word_1_329' title='bbox 867 4321 896 4376; x_wconf 91' lang='lat' dir='ltr'><em>R</em></span> <span class='ocrx_word' id='word_1_330' title='bbox 972 4335 1007 4392; x_wconf 83' lang='lat'>³2</span> <span class='ocrx_word' id='word_1_331' title='bbox 1026 4329 1056 4377; x_wconf 87' lang='lat' dir='ltr'>vt</span> <span class='ocrx_word' id='word_1_332' title='bbox 1067 4319 1174 4394; x_wconf 87' lang='lat' dir='ltr'>missis]</span> <span class='ocrx_word' id='word_1_333' title='bbox 1187 4318 1297 4378; x_wconf 83' lang='lat' dir='ltr'>solliciti</span> <span class='ocrx_word' id='word_1_334' title='bbox 1309 4320 1337 4376; x_wconf 86' lang='lat' dir='ltr'><em>R</em></span> 
     </span>
    </p>
   </div>
   <div class='ocr_carea' id='block_1_12' title="bbox 0 0 1556 4822">
    <p class='ocr_par' dir='ltr' id='par_1_12' title="bbox 0 0 1556 4822">
     <span class='ocr_line' id='line_1_41' title="bbox 0 0 1556 4822; baseline 0 0"><span class='ocrx_word' id='word_1_335' title='bbox 0 0 1556 4822; x_wconf 95' lang='lat' dir='ltr'> </span> 
     </span>
    </p>
   </div>
   <div class='ocr_carea' id='block_1_13' title="bbox 707 4248 1415 4322">
    <p class='ocr_par' dir='ltr' id='par_1_13' title="bbox 707 4225 1537 4328">
     <span class='ocr_line' id='line_1_42' title="bbox 707 4248 1415 4322; baseline 0.005 -18"><span class='ocrx_word' id='word_1_336' title='bbox 707 4251 735 4304; x_wconf 76' lang='lat' dir='ltr'>n</span> <span class='ocrx_word' id='word_1_337' title='bbox 854 4261 886 4317; x_wconf 88' lang='lat'>17</span> <span class='ocrx_word' id='word_1_338' title='bbox 905 4248 1094 4322; x_wconf 71' lang='lat' dir='ltr'>susspensus</span> <span class='ocrx_word' id='word_1_339' title='bbox 1110 4249 1415 4306; x_wconf 72' lang='lat' dir='ltr'>minirumdismlt</span> 
     </span>
    </p>
   </div>
  </div>
 </body>
</html>
