3096 4832
342 303 404 374 152
711 287 779 355 nn
802 285 1074 356 scnccnmo
1329 285 1375 372 [11
1391 309 1445 354 xx

339 460 487 538 consilio,
503 460 646 546 grauius,
660 460 718 544 qui
740 456 788 525 sic
810 459 958 544 deliquit,
980 458 1145 542 puniatur.
1189 457 1292 542 Quod
1315 459 1342 525 si
1364 472 1445 543 post

339 573 605 632 consummatum
625 575 820 649 compotum
841 563 1045 630 vicecomitis
1071 561 1121 628 sui
1143 563 1273 628 venen't
1293 573 1328 628 et
1345 565 1447 629 satis·

339 668 464 744 fecerit,
479 669 523 733 de
537 668 754 734 assidentium
770 667 878 752 gratia
891 677 926 732 et
941 667 984 732 de
997 665 1082 751 legis
1096 665 1304 752 indulgentia
1319 669 1446 750 poterit

340 772 478 839 absolui.
523 773 648 840 Verum
675 791 809 838 necesse
832 781 884 836 est
906 781 945 837 vt
972 771 1159 838 vicecomes
1184 768 1287 834 tidem
1312 772 1383 836 eius
1408 773 1443 835 in

311 878 503 956 scomitatu
521 876 584 942 sub
607 875 758 942 omnium
783 873 888 940 oculis
912 873 1081 958 suscipiat,
1104 873 1192 957 quia,
1219 875 1247 938 si
1274 872 1359 938 forte
1384 877 1444 958 qui

340 981 480 1057 dederit,
493 980 609 1045 volens
627 977 810 1064 malignari,
830 978 945 1044 datam
966 977 1100 1052 infitiari
1113 977 1266 1054 voluerit,
1281 978 1444 1044 aduersus

341 1085 476 1150 eumad
495 1101 629 1149 omnem
649 1081 855 1167 probationis
874 1099 1039 1148 summam
1059 1080 1245 1146 recordatio
1265 1082 1444 1147 comitatus

340 1188 486 1254 sufficiet
532 1185 634 1270 Quod
659 1186 687 1251 si
712 1185 796 1251 alias
824 1185 889 1250 sibi
915 1186 1030 1250 datam
1056 1185 1242 1250 vicecomes
1270 1183 1443 1250 confessus

340 1289 447 1370 fuerit,
458 1290 504 1354 nil
519 1291 626 1374 egisse
636 1289 842 1367 iudicabitur,
853 1290 943 1356 vnde
958 1307 1040 1354 mox
1050 1288 1094 1353 de
1105 1286 1201 1352 firma
1211 1307 1271 1354 sus
1283 1289 1443 1372 requisita

296 1419 328 1458 ιο
340 1413 473 1461 summa
500 1393 659 1477 capietur,
682 1401 720 1458 vt
749 1391 1000 1459 summonitioni
1025 1389 1167 1458 satnfim
1196 1390 1231 1455 in
1259 1391 1323 1456 hac
1346 1403 1445 1476 parte

341 1499 463 1566 dicenti
478 1496 551 1563 ‘vel
566 1498 744 1582 capientur.
752 1496 796 1563 de
810 1495 906 1562 firma
920 1491 998 1562 tua?

268 1577 330 1708 ἢ
387 1604 425 1670 Si
439 1623 519 1668 vero
537 1601 595 1685 qui
609 1600 710 1665 fidem
724 1619 761 1666 se
781 1601 912 1666 dedisse
930 1618 997 1666 non
1017 1599 1185 1678 diffitetur,
1200 1599 1256 1664 die
1272 1599 1445 1666 nominata

340 1709 467 1774 venerit
498 1723 558 1770 nec
593 1703 796 1780 satisfecerit,
827 1704 856 1769 si
886 1703 1043 1769 dominus
1072 1712 1133 1783 est,
1162 1705 1206 1768 ad
1242 1704 1444 1769 scaccarium

340 1811 501 1896 quamdiu
516 1807 637 1874 sederit
654 1807 863 1885 detinebitur,
878 1806 945 1875 fide
967 1810 1048 1874 data
1068 1807 1102 1871 in
1124 1827 1225 1872 manu
1248 1809 1446 1884 marescalli,

297 1935 326 1988 ιε
341 1916 426 1980 sicut
451 1912 730 1998 supradiximus,
755 1912 847 1994 quod
872 1929 894 1976 a
922 1911 1055 1996 leugata
1078 1910 1168 1989 ville,
1193 1911 1256 1976 nisi
1279 1911 1446 1977 baronum

341 2017 484 2096 licentia,
498 2036 566 2081 non
581 2015 723 2081 recedet.
768 2013 889 2080 Soluto
908 2031 988 2078 vero
1010 2013 1174 2080 scaccario
1197 2014 1285 2079 illius
1301 2015 1446 2094 termini,

341 2122 369 2186 si
384 2121 532 2186 nondum
548 2119 742 2185 satisfecerit
757 2118 790 2182 in
802 2119 877 2184 loco
892 2127 967 2183 tuto
981 2118 1043 2183 sub
1056 2117 1158 2183 libera
1173 2119 1324 2185 custodia
1338 2119 1447 2185 collo-

341 2224 479 2302 cabitur,
498 2241 671 2306 quousque
692 2240 753 2288 rex
773 2221 898 2308 lpse,si
919 2239 1055 2305 presens
1076 2221 1183 2300 fuerit,
1201 2221 1256 2287 vel
1272 2223 1448 2308 presidens

340 2347 415 2394 cnm
437 2325 510 2392 aliis
531 2325 765 2407 assidentibus,
787 2325 934 2410 quidde
955 2324 1029 2408 ipso
1051 2325 1219 2408 agendum
1246 2325 1353 2402 fuerit,
1381 2327 1446 2391 de·
1540 2345 1541 2352 ¹

297 2441 462 2507 secernat,
482 2431 550 2516 qui,
570 2428 673 2495 fidem
703 2449 741 2494 se
765 2413 898 2494 dedisse
927 2428 971 2494 de
999 2427 1232 2496 satisfaciendo
1260 2431 1444 2508 confessus,

342 2535 434 2602 nullo
448 2533 551 2602 modo
565 2531 734 2599 satisfecit.
779 2531 881 2616 Quod
897 2533 925 2597 si
946 2530 1039 2598 miles
1053 2531 1106 2598 vel
1128 2533 1213 2597 alius
1229 2533 1301 2599 eius
1317 2553 1447 2599 econo-

342 2659 417 2706 mus
435 2639 572 2715 venerit,
589 2655 648 2702 nec
667 2635 869 2712 satisfecerit,
888 2655 949 2717 pro
968 2634 1036 2700 fide
1055 2633 1123 2702 lesa
1144 2637 1447 2719 comprehendetur

341 2753 376 2810 et
398 2741 591 2809 marescallo
619 2740 855 2806 custodiendus
883 2737 1042 2818 tradetur,
1071 2749 1149 2824 post
1177 2741 1324 2806 solutum
1350 2761 1447 2808 scac-

342 2848 465 2912 carium
491 2845 582 2910 licite
606 2841 823 2908 vinculandus
851 2851 886 2906 et
913 2843 947 2906 in
972 2861 1136 2908 carcerem
1162 2845 1348 2910 mittendus
1371 2845 1447 2911 siue

298 2967 329 3020 ἐ
343 2951 438 3016 miles
465 2950 564 3015 fuerit
590 2947 661 3012 siue
686 2965 764 3011 non.
810 2945 909 3010 Miles
937 2963 1017 3012 vero
1042 2965 1142 3030 super
1170 2947 1286 3013 debito
1308 2951 1447 3033 proprio
1539 2969 1540 2989 ¹

342 3073 409 3118 non
425 3053 637 3134 satisfaciens,
653 3069 729 3114 cum
746 3059 860 3114 tamen
874 3049 917 3112 de
937 3047 1172 3115 satisfaciendo
1187 3049 1287 3116 fldem
1303 3051 1445 3132 dederit,

342 3167 419 3242 post
443 3156 590 3222 solutum
614 3155 813 3220 scaccarium
840 3151 964 3217 nonin
993 3171 1124 3218 carcere
1153 3164 1205 3219 set
1233 3153 1317 3221 infra
1346 3167 1446 3241 septa

342 3260 462 3324 domus
485 3258 658 3325 carceralis
680 3258 786 3323 libere
810 3255 1025 3336 custodietur,
1042 3257 1110 3322 fide
1134 3257 1348 3341 corporaliter
1367 3280 1446 3344 pre·

343 3363 432 3440 stite,
443 3363 534 3444 quod
546 3362 624 3429 inde
635 3361 696 3426 nisi
706 3361 792 3444 regis
806 3359 860 3426 vel
869 3360 1067 3445 presidentis
1077 3360 1210 3426 licentia
1221 3379 1288 3428 non
1301 3363 1446 3429 recedet.

296 3481 331 3533 30
343 3465 501 3531 Decreuit
520 3464 608 3529 enim
629 3465 843 3530 memorande
863 3464 1047 3530 nobilitatis
1064 3483 1124 3528 rex
1144 3465 1281 3530 illustris
1299 3477 1337 3532 vt
1354 3467 1448 3550 quis-
1538 3529 1539 3534 ,

342 3566 417 3653 quis
447 3567 561 3634 militie
590 3567 754 3650 dignitate
784 3567 950 3652 prefulget
972 3585 1033 3650 pro
1061 3568 1178 3634 debito
1199 3561 1343 3653 proprio,
1365 3591 1447 3636 eum
1538 3547 1539 3564 '

342 3690 469 3757 pauper
479 3692 501 3736 a
514 3671 708 3737 vicecomite
719 3672 819 3736 simul
829 3681 864 3737 et
874 3691 896 3736 a
909 3671 1030 3736 vicinia
1041 3682 1218 3757 reputetur,
1230 3672 1264 3738 in
1279 3693 1447 3739 carcerem

342 3794 409 3840 non
434 3773 602 3852 mittatur3
632 3784 683 3839 set
705 3791 854 3840 seorsum
886 3773 972 3841 infra
1000 3785 1096 3858 septa
1124 3777 1246 3841 domus
1271 3779 1448 3842 carceralis

342 3880 444 3945 libere
459 3877 673 3945 custodiatur.
717 3877 843 3944 Verum
858 3878 1007 3962 quisquis
1022 3879 1181 3945 mandato
1195 3879 1326 3946 domini
1341 3879 1447 3948 fidem

297 3966 330 4068 ³3
344 3981 481 4061 dederit,
493 3983 577 4046 sicut
589 3981 775 4064 predictum
787 3990 848 4059 est,
859 3982 1045 4047 vicecomiti
1058 3994 1093 4049 et
1103 3982 1239 4048 veniens
1253 4003 1320 4049 non
1334 3984 1448 4064 soluit,

343 4089 431 4155 hunc
453 4084 688 4171 comprehendi
711 4086 802 4150 etin
825 4105 997 4166 carcerem,
1020 4084 1130 4151 soluto
1151 4087 1325 4165 scaccario,
1347 4079 1447 4166 mitti,
1537 4141 1538 4154 .

380 4238 634 4297 rosetisfaciatN
701 4251 733 4309 15
752 4237 855 4294 vileN
946 4251 978 4306 17
997 4239 1188 4296 colloceturR
1264 4253 1300 4296 aa
1318 4257 1449 4316 cmnpre·
1537 4203 1538 4206 Ἴ

341 4311 477 4368 henditur
488 4310 525 4365 N
590 4307 865 4383 e3poet1primon'
931 4323 967 4381 ²9
985 4309 1154 4366 aisiamN
