3086 4822
314 319 367 388 70.
680 301 747 370 DE
769 299 1043 372 SCACCARIO
1303 293 1425 394 [er.

312 495 372 562 per
400 472 556 541 clericum
579 472 760 540 discretum
789 473 816 540 si
842 473 911 560 regi
940 473 1031 540 visus
1063 471 1162 542 fuerit
1191 473 1273 542 alias
1302 477 1412 560 magis

312 577 522 656 necessarius,
536 575 767 655 administram
790 586 824 642 et
839 576 902 644 hec
923 585 975 643 est
992 577 1175 663 descriptio
1194 579 1294 644 tertie
1312 579 1411 644 sedis.

314 682 355 748 ln
373 691 493 766 quarto
512 699 637 747 scanno
658 680 749 763 quod
769 689 820 746 est
835 679 1028 766 oppositum
1045 679 1232 762 iustitiario,
1246 681 1282 745 in
1301 681 1413 765 capite

312 785 435 852 residet
455 783 613 869 magister
634 781 784 850 Thomas
804 792 1026 867 cognomento
1048 783 1180 850 Brunus
1203 803 1280 850 curn
1302 783 1411 850 rotulo

284 889 413 968 stertio
432 887 489 971 qui
507 909 552 954 ex
567 885 699 952 novella
717 885 963 968 constitutione,
981 885 1046 954 hoc
1066 897 1118 953 oet
1135 908 1156 953 a
1175 887 1314 953 domino
1333 907 1412 972 rege

312 1003 438 1072 nostro,
453 992 588 1058 additus
609 998 669 1056 est.
714 988 802 1074 Quia
824 989 985 1076 seriptum
1007 999 1059 1057 est
1081 989 1264 1058 ‘funiculus
1286 991 1413 1076 triplex

312 1095 446 1163 difficile
467 1091 626 1160 soluitur!
679 1091 760 1158 Post
781 1091 870 1159 hunc
889 1093 1074 1161 vicecomes
1096 1103 1131 1160 et
1153 1094 1262 1161 clerici
1280 1095 1331 1158 sui
1353 1093 1413 1178 qui

311 1200 459 1266 assident
482 1199 525 1264 ad
548 1205 742 1280 compotum
766 1215 843 1262 cum
865 1196 961 1262 taleis
982 1205 1016 1264 et
1037 1197 1112 1265 aliis
1134 1197 1327 1264 necessariis
1339 1220 1348 1279 ;
1377 1206 1414 1262 et

312 1301 374 1370 hec
389 1312 440 1370 est
455 1301 631 1386 dispositio
646 1309 765 1384 quarte
779 1300 876 1366 sedis

270 1427 301 1471 ro
355 1405 550 1490 Discipulus.
594 1403 745 1486 Scriptor
774 1403 926 1488 magistri
948 1403 1080 1473 Thome
1109 1406 1270 1489 numquid
1295 1405 1414 1470 sedem

312 1509 415 1576 habet
428 1531 505 1576 cum
520 1507 594 1577 aliis
608 1507 848 1592 scriptoribus?

355 1613 533 1700 Magister.
577 1608 701 1678 Sedern
711 1612 847 1697 quidem
857 1611 962 1678 habet
975 1631 1044 1678 non
1058 1631 1136 1679 cum
1150 1611 1224 1680 aliis
1237 1613 1297 1680 sed
1312 1631 1416 1696 super

312 1718 406 1786 alios.

355 1818 554 1904 Discipulus.
599 1818 713 1903 Quare
727 1817 801 1885 sic?
1541 1857 1542 1908 3

270 1945 301 2000 ¹⁵
356 1925 533 2007 Magister.
577 1923 664 1989 Cum
680 1923 770 1988 enim
786 1923 833 1988 sic
847 1922 1008 2008 disposite
1022 1933 1133 1992 essent
1149 1923 1245 1989 sedes
1259 1924 1304 1990 ab
1317 1921 1416 1990 initio

313 2037 350 2095 vt
375 2029 515 2112 scriptor
539 2026 733 2093 thesaurarii
762 2028 806 2093 ad
837 2025 924 2093 latus
953 2047 1051 2092 suum
1076 2025 1235 2093 resideret
1263 2047 1306 2092 ne
1330 2025 1416 2110 quid

314 2131 511 2199 scriberetur
533 2131 624 2214 quod
653 2129 785 2196 oculum
814 2131 887 2198 eius
909 2129 1081 2216 eflugeret,
1103 2140 1138 2196 et
1168 2131 1248 2197 item
1275 2130 1418 2213 scriptor

314 2232 508 2302 cancellarie
531 2235 574 2300 ad
593 2234 681 2300 latus
704 2235 872 2318 scriptoris
894 2234 1087 2302 thesaurarii
1104 2243 1142 2302 vt
1161 2233 1301 2300 fideliter
1322 2234 1417 2298 exci-

275 2351 302 2405 D
315 2349 408 2425 peret
438 2338 529 2422 quod
555 2337 612 2405 ille
635 2338 872 2424 prescribebat,
894 2347 928 2404 et
957 2338 1038 2404 item
1068 2337 1206 2406 clericus
1227 2336 1417 2405 cancellarii

269 2469 302 2506 so
315 2443 499 2510 necessario
513 2441 687 2528 proximus
702 2451 789 2507 esset
803 2441 849 2508 illi
864 2441 1014 2524 scriptori
1028 2463 1070 2508 ne
1085 2451 1198 2526 posset
1213 2462 1328 2519 errare,
1344 2462 1417 2510 oon

313 2547 475 2633 superfuit
489 2546 583 2613 locus
600 2547 633 2612 in
651 2566 720 2630 quo
740 2546 881 2631 scriptor
898 2545 953 2610 ille
971 2547 1131 2613 resideret
1149 2547 1183 2612 in
1204 2546 1287 2612 serie
1301 2547 1420 2611 scanni

314 2662 366 2719 set
381 2653 478 2718 datus
497 2658 548 2715 est
562 2649 592 2714 ei
609 2647 702 2716 locus
716 2649 751 2713 in
766 2649 925 2714 eminenti
939 2659 977 2715 vt
996 2650 1175 2734 prospiciat
1190 2659 1225 2715 et
1245 2649 1419 2716 immineat

314 2755 467 2840 scriptori
492 2752 686 2820 thesaurarii
711 2751 767 2836 qui
790 2753 917 2838 primus
946 2753 1071 2832 scribit,
1096 2763 1132 2821 et
1154 2753 1198 2819 ab
1224 2752 1297 2838 ipso
1320 2755 1420 2836 quod

314 2869 448 2945 oportet
463 2858 620 2943 excipiat.

272 2981 302 3036 ²⁵
358 2961 557 3044 Discipulos.
601 2959 693 3026 Huic
703 2959 790 3026 oculi
802 2960 898 3028 lincei
909 2961 1084 3029 necessarii
1094 2969 1203 3028 essent
1215 2981 1259 3026 ne
1269 2970 1420 3038 erraret;

316 3065 519 3151 periculosus
534 3065 623 3131 enim
639 3064 672 3129 in
684 3063 749 3130 hiis
763 3085 853 3131 error
867 3064 993 3132 dicitur.

357 3168 533 3252 Magister.
577 3168 673 3234 Licet
709 3177 795 3234 erret
833 3167 1001 3234 interdum
1037 3167 1070 3234 in
1108 3167 1306 3252 excipiendo
1338 3165 1422 3249 quia

315 3279 463 3338 remotus
486 3283 537 3338 est
558 3280 672 3337 tamen
694 3273 776 3337 dum
798 3271 898 3338 rotuli
921 3271 1137 3355 corriguntur,
1159 3271 1248 3338 sacta
1267 3272 1421 3338 omnium

315 3375 417 3442 trium
432 3373 616 3455 collatione,
632 3375 728 3442 facile
742 3377 803 3442 erit
818 3385 925 3442 errata
940 3375 1110 3460 corrigere

271 3497 305 3549 30
359 3477 559 3561 Discipulus.
605 3479 696 3545 Satis
715 3481 878 3546 hactenus
892 3480 1018 3547 dictum
1039 3491 1090 3545 est
1105 3480 1149 3546 de
1168 3479 1286 3545 ordine
1300 3479 1420 3546 seden-

317 3582 409 3662 tium,
425 3601 513 3648 nunc
533 3583 576 3648 de
592 3603 708 3649 eorum
728 3583 842 3651 officiis
859 3585 888 3650 si
908 3584 1017 3670 placet
1037 3603 1203 3668 exequere
1223 3583 1383 3668 incipiens
1399 3605 1420 3650 a

317 3681 392 3748 leua
407 3681 613 3766 presidentis.

359 3785 538 3867 Magister.
584 3783 808 3852 Cancellarius
823 3785 856 3851 in
870 3787 988 3854 ordine
1001 3786 1059 3852 illo
1073 3787 1201 3871 primus
1215 3795 1266 3853 est
1281 3797 1317 3852 et
1331 3788 1420 3853 sicut

317 3889 352 3954 in
374 3888 465 3953 curia
482 3888 529 3954 sic
548 3889 592 3954 ad
611 3889 811 3955 scaccarium
831 3911 971 3976 magnus
990 3903 1043 3958 est
1062 3893 1148 3958 adeo
1167 3901 1204 3958 vt
1225 3889 1297 3956 sine
1315 3890 1420 3975 ipsius

273 4014 305 4066 ss
318 4011 482 4058 consensu
511 3989 563 4058 vel
593 3990 729 4059 consilio
759 3992 804 4057 nil
831 4013 989 4078 magnum
1012 3994 1072 4060 fiat
1096 3994 1150 4061 vel
1176 3993 1246 4060 fieri
1274 3995 1399 4060 debeat
1411 4017 1421 4076 ;

354 4111 547 4183 sappositum
557 4110 617 4166 CN
699 4109 852 4168 iustitiariis
862 4112 912 4168 CR
987 4111 1240 4185 acognomineN
1328 4127 1422 4183 11,12

317 4182 518 4307 scriptoribus?
535 4181 698 4266 Magister.
730 4183 833 4239 Sedem
851 4182 965 4266 quidem
979 4183 1068 4268 habet
1084 4201 1142 4240 non
1157 4201 1222 4240 cum
1240 4183 1303 4240 aliis
1321 4201 1378 4239 om.
1393 4187 1423 4240 R

318 4255 372 4377 {ic
381 4263 447 4376 aRcta
459 4252 542 4394 rot3u4h
548 4263 729 4394 pglngpukntur
743 4255 780 4310 C:
800 4263 975 4324 corriguntur
986 4255 1068 4312 rotulr
1081 4254 1158 4312 iacta
1168 4255 1197 4310 R
1276 4269 1308 4326 31
1330 4253 1422 4328 nunc]
