3096 4832
233 295 590 369 Μ
705 297 1068 370 „Escnccnmo
1311 297 1433 394 [ιω

335 482 503 558 regnante,
524 481 594 537 tarn
617 469 703 538 Daci
724 491 826 556 quam
848 471 948 538 ceteri
970 479 1057 540 terre
1079 471 1246 556 marisque
1268 472 1433 557 predones

300 575 470 643 uhostiles
502 574 704 642 cohibebant
733 577 890 658 incursus,
918 575 1061 642 scientes
1092 597 1207 642 verum
1241 578 1435 660 essequod

333 680 491 766 seriptum
511 689 563 746 est
583 679 691 746 ‘Cum
705 678 799 744 fortis
814 690 961 746 minatus
976 681 1121 746 custodit
1138 681 1260 746 atrium
1278 701 1386 759 suum,
1401 679 1434 746 iu

333 802 416 868 pace
429 793 508 849 sunt
523 803 563 850 ea
576 803 642 866 que
657 781 823 868 possidet’
868 783 1043 851 Nouerant
1057 785 1157 850 etiarn
1172 786 1263 868 quod
1277 784 1434 850 acerrime

305 887 467 964 rvirtutis'
486 887 637 954 homines
658 886 823 972 inpunitas
845 908 911 953 non
934 886 1043 954 ierunt
1065 887 1205 954 iniurias.
1251 887 1337 954 Cum
1352 909 1433 972 ergo

333 991 390 1057 diu
412 991 558 1058 siluisset
581 1000 670 1057 terra
693 990 756 1056 sub
783 991 931 1056 eiusdem
957 991 1041 1076 regis
1063 991 1214 1077 imperio,
1234 991 1342 1057 noluit
1368 990 1433 1058 hoe

332 1105 370 1161 vt
390 1114 536 1160 annuum
564 1093 660 1173 solui,
686 1094 778 1179 quod
801 1092 909 1160 iuerat
932 1105 1072 1180 vrgente
1093 1097 1292 1162 necessitate
1313 1094 1434 1162 bellice

332 1199 541 1282 tempestatis
554 1209 723 1278 metum,
738 1219 798 1264 nec
815 1207 928 1266 tamen
945 1199 1081 1266 omnino
1096 1210 1231 1283 propter
1242 1183 1434 1284 inopinatos

332 1324 429 1370 casus
443 1303 575 1369 dimitti.
620 1301 712 1368 Raro
725 1303 827 1388 igitur
836 1303 1041 1386 temporibus
1053 1303 1121 1369 eius
1136 1303 1188 1367 vel
1202 1323 1432 1370 successorum

289 1429 320 1468 ro
332 1408 433 1493 ipsius
454 1407 583 1474 solutus
604 1415 655 1473 est
666 1427 674 1486 ;
696 1407 762 1474 hoc
782 1417 834 1474 est
855 1427 931 1472 cum
952 1407 998 1472 ab
1019 1408 1143 1473 exteris
1163 1407 1319 1492 gentibus
1342 1407 1433 1472 bella

331 1514 384 1578 vel
413 1511 585 1596 opiniones
610 1511 773 1577 bellorum
800 1511 1023 1596 insurgebant.
1066 1511 1193 1576 Verum
1218 1531 1433 1596 quocumque

331 1625 483 1700 tempore
500 1614 658 1696 soluatur,
671 1615 717 1682 ab
732 1613 806 1698 ipso
823 1613 917 1680 liberi
939 1622 1017 1680 sunt
1034 1615 1091 1698 qui
1111 1615 1258 1680 assident
1277 1617 1321 1680 ad
1341 1635 1431 1680 soec-

331 1721 455 1786 carium
478 1719 564 1785 sicut
584 1719 711 1785 dictum
734 1727 793 1784 est
836 1718 1059 1784 Vicecomites
1079 1738 1224 1802 quoque,
1246 1719 1323 1784 licet
1344 1719 1432 1784 inter

331 1823 470 1890 barones
492 1823 645 1889 scaccarii
667 1841 735 1887 non
757 1831 999 1906 computentur,
1013 1822 1057 1888 ab
1079 1823 1143 1888 hoc
1165 1823 1269 1907 quieti
1291 1832 1371 1888 sunt
1388 1824 1432 1889 de

288 1948 317 2002 15
331 1927 488 1994 dominiis
502 1926 570 1992 suis
584 1933 721 2011 propter
735 1925 932 1991 laboriosam
947 1925 1094 1992 eiusdem
1109 1946 1227 1992 census
1245 1925 1432 1992 collectam.

332 2030 474 2097 Noueris
499 2040 613 2096 autern
639 2029 787 2095 dominia
818 2028 993 2096 cuiuslibet
1018 2030 1080 2096 hec
1107 2030 1173 2094 dici
1198 2049 1264 2114 que
1289 2031 1432 2115 propriis

330 2135 518 2219 sumptibus
544 2133 596 2199 vel
614 2133 782 2199 laboribus
800 2134 1009 2216 excoluntur,
1023 2145 1058 2200 et
1082 2134 1162 2200 item
1177 2154 1243 2217 que
1261 2136 1306 2199 ab
1328 2136 1429 2200 ascri·

329 2237 435 2322 ptitiis
457 2237 524 2303 suis
548 2258 610 2302 suo
632 2237 765 2303 nomine
787 2237 1005 2322 possidentur.
1050 2236 1141 2321 Quia
1155 2238 1242 2303 enirn
1256 2237 1462 2322 ascriptitiiv

329 2343 374 2410 de
387 2341 480 2427 regni
495 2343 565 2408 iure
580 2363 646 2407 non
661 2341 769 2406 solum
784 2341 829 2408 ab
843 2339 906 2408 hiis
920 2361 986 2425 que
1001 2343 1101 2410 modo
1117 2343 1289 2427 possident
1304 2343 1348 2406 ad
1364 2342 1429 2408 alia
1542 2341 1543 2386 ἓ

286 2473 317 2510 20
330 2447 404 2516 loca
428 2469 450 2514 a
471 2447 614 2514 dominis
637 2447 705 2511 suis
730 2445 896 2512 transferri
926 2455 1075 2529 possunt,
1101 2467 1216 2512 verum
1240 2447 1344 2512 etiarn
1368 2446 1430 2530 ipsi

294 2573 463 2638 equoque
492 2551 581 2616 licite
610 2551 797 2616 venduntur
823 2549 877 2616 vel
906 2548 1160 2634 quomodolibet
1187 2549 1430 2628 distrahuntur,

330 2657 448 2724 merito
464 2666 535 2723 tam
550 2654 623 2738 ipsi,
638 2673 739 2739 quam
760 2663 847 2719 terre
861 2673 945 2738 quas
967 2652 1126 2720 excolunt
1140 2663 1177 2719 vt
1198 2654 1345 2720 dominis
1362 2653 1430 2722 suis

328 2761 484 2836 seruiant,
505 2759 653 2825 dominia
674 2767 880 2840 reputantur.
925 2758 1012 2822 Item
1035 2757 1137 2822 fertur
1157 2757 1201 2823 ab
1223 2756 1287 2823 hiis
1309 2759 1430 2842 quibus

328 2865 466 2949 antiqua
493 2863 647 2930 scaccarii
675 2861 819 2946 dignitas
854 2860 988 2928 oculata
1023 2859 1088 2927 fide
1125 2859 1301 2946 pernotuit,
1337 2863 1429 2946 quod
1541 2883 1542 2904 ³

284 2987 314 3040 ²⁵
328 2969 468 3034 barones
488 2968 558 3032 eius
579 2967 622 3032 ab
643 2967 776 3032 essartis
794 2963 989 3060 forestarum
1009 2965 1103 3031 liberi
1120 2975 1198 3031 sunt
1214 2967 1259 3032 de
1273 2966 1428 3031 dominiis

327 3073 413 3137 suis:
436 3071 557 3155 quibus
572 3081 606 3136 et
626 3091 689 3136 nos
703 3071 890 3137 consentire
904 3069 1065 3150 videmur,
1079 3070 1210 3136 adiecta
1227 3069 1430 3136 determina·

328 3174 421 3241 tione
441 3183 479 3240 vt
496 3175 540 3240 de
561 3173 625 3238 hiis
646 3174 780 3240 essartis
802 3173 956 3240 dieantur
976 3172 1090 3256 quieti,
1104 3193 1171 3256 que
1193 3171 1325 3238 fuerant
1349 3183 1428 3240 ante

328 3277 417 3342 diem
446 3297 514 3362 qua
542 3297 602 3342 rex
632 3277 768 3342 illustris
798 3277 965 3342 Hernicus
996 3277 1123 3360 primus
1153 3277 1251 3344 rebus
1273 3276 1429 3348 humanis¹

328 3390 507 3465 exemptus
529 3389 589 3445 est.
634 3379 670 3446 Si
693 3381 781 3446 enim
802 3380 847 3446 de
868 3381 1032 3456 omnibus,
1047 3399 1256 3465 quocumque
1276 3390 1429 3465 tempore
1540 3467 1541 3470 Ἴ

282 3503 315 3554 30
328 3483 423 3549 sactis
436 3483 489 3549 vel
507 3483 675 3560 iaciendis,
689 3485 793 3569 quieti
814 3496 932 3561 essent,
951 3484 1092 3552 liberum
1110 3485 1278 3552 videretur
1294 3485 1430 3552 baroni·

328 3590 399 3668 bus,
427 3597 563 3673 propter
587 3589 832 3671 impunitatem,
860 3609 996 3655 nemora
1023 3609 1094 3666 sua,
1124 3589 1157 3655 in
1186 3589 1308 3674 quibus
1339 3590 1431 3674 regia

328 3691 451 3758 foresta
472 3691 634 3769 consistit,
649 3711 710 3775 pro
731 3693 781 3758 sui
803 3691 928 3759 arbitrii
949 3691 1122 3760 voluntate
1143 3694 1320 3772 succidere,
1338 3695 1430 3779 quod

328 3815 539 3880 nequaquam
555 3795 690 3879 impune
708 3807 846 3880 possunt
867 3797 929 3862 nisi
948 3799 1144 3882 precedente
1160 3799 1247 3882 regis
1264 3817 1429 3864 consensu

327 3899 381 3968 vel
395 3897 584 3986 principalis
606 3898 777 3966 forestarii.
823 3900 925 3966 Porro
947 3901 982 3966 in
1004 3901 1205 3968 necessarios
1227 3901 1330 3968 etiam
1350 3921 1431 3968 usus

362 4119 380 4174 4
399 4101 577 4162 NouerintC
679 4104 698 4160 6
716 4103 844 4161 uoluisset
856 4105 892 4158 Ν
994 4107 1011 4162 8
1029 4105 1146 4162 omnino
1162 4106 1198 4162 N
1203 4123 1284 4174 corr,
1296 4103 1327 4162 R
1338 4123 1431 4162 com:

327 4177 424 4232 animo
436 4176 496 4232 NR
560 4189 594 4231 ro
610 4174 772 4232 solutumC
822 4175 988 4232 exterriaC
1051 4189 1081 4248 ις
1101 4177 1277 4233 collatamR
1342 4191 1374 4246 17
1394 4178 1431 4233 ab

327 4243 724 4317 ascriptitiis]ascriptitiisC
792 4261 826 4315 23
833 4251 901 4320 post
910 4245 1013 4318 quibus
1026 4247 1090 4306 ada
1105 4257 1133 4304 et
1148 4247 1173 4304 C
1180 4265 1253 4305 corr.
1328 4262 1364 4316 24
1382 4265 1433 4306 an·

328 4317 407 4387 tiqua
412 4321 481 4387 port
491 4315 614 4387 dignitas
620 4317 743 4389 ponite*
811 4331 845 4386 27
864 4315 911 4389 qui
927 4319 963 4372 Ν
1028 4333 1063 4388 34
1081 4317 1168 4374 etiam
1179 4319 1244 4374 add.
1258 4318 1366 4376 Ccorr.
