3096 4832
343 285 408 350 1⁶0
712 281 779 346 os
800 277 1081 348 scnccnnro
1236 276 1282 370 [11
1297 281 1449 346 meins

341 454 444 520 daret
490 449 551 518 Set
570 471 591 516 a
610 449 825 534 prudentibus
844 457 878 516 et
898 449 980 534 legis
999 449 1111 516 diuine
1128 449 1243 534 peritis
1261 449 1450 534 perniciosa
1533 439 1534 448 ’

340 559 420 623 satis
445 557 517 620 visa
541 565 593 620 est
618 554 794 635 subtilitas,
819 575 895 620 cum
922 555 1025 620 semel
1050 554 1152 619 fidem
1175 554 1308 619 dederit
1335 575 1375 620 se
1399 553 1448 618 le-

339 661 495 744 gitimum
520 679 580 744 per
604 659 717 724 omnia
740 667 945 742 compotum,
969 657 1063 723 salua
1085 659 1296 740 conscientia,
1320 659 1447 724 secisse.

339 762 392 828 Ea
418 772 555 847 propter
579 763 641 828 hec
667 761 827 828 sententia
850 771 927 846 post
953 760 1122 828 modicum
1146 761 1265 826 mensit
1286 781 1363 826 cum
1384 781 1448 826 suo
1533 759 1534 766 ’

309 895 325 958 5
338 875 475 934 auctore
489 867 680 950 contempni
695 875 729 932 et
743 887 809 932 vna
823 865 900 945 fide,
918 857 982 931 lioc
1000 875 1051 933 est
1069 866 1172 931 semel
1191 866 1280 945 data,
1294 864 1447 930 contenti

338 980 425 1048 sunt,
440 971 519 1054 quia
535 971 568 1034 in
582 970 678 1034 vnius
693 967 770 1034 fidei
787 969 990 1035 confessione
1004 988 1106 1034 vnum
1121 978 1209 1033 sunt.

380 1072 578 1156 Disepulus.
618 1072 735 1140 Sentio
751 1071 817 1136 iarn
831 1070 1012 1154 languente
1026 1071 1105 1136 stilo
1120 1072 1211 1156 quod
1225 1071 1445 1137 dicendorum
1533 1071 1534 1156 3

338 1176 413 1242 finis
433 1178 551 1243 adesse
572 1176 716 1241 festinat.
761 1174 899 1251 Verum,
922 1175 1001 1240 licet
1020 1175 1174 1241 instantis
1196 1175 1304 1240 noctis
1323 1195 1444 1259 crepu·
1533 1197 1534 1242 3

337 1280 464 1346 sculum
486 1290 521 1345 et
543 1278 760 1363 productioris
786 1279 897 1362 operis
922 1277 1018 1344 labor
1041 1277 1203 1362 prolixior
1224 1277 1358 1343 adalia
1380 1296 1444 1344 nos
1533 1313 1534 1316 π

293 1393 476 1450 roeuocent
497 1392 532 1448 et
554 1381 738 1469 paullulum
763 1383 923 1466 respirare
945 1381 1156 1466 compellant,
1177 1381 1296 1446 vellem
1319 1392 1444 1462 tamen,
1533 1413 1534 1470 3

337 1487 364 1550 si
390 1486 460 1552 fieri
487 1496 608 1572 posset,
631 1496 669 1551 vt
693 1505 901 1570 suspensam,
922 1495 957 1551 et
982 1485 1142 1551 hactenus
1165 1484 1381 1550 fluctuantem
1408 1487 1444 1551 in
1533 1493 1534 1562 ἶ

335 1589 519 1664 verbotuo,
535 1587 686 1672 discipuli
702 1589 749 1654 tui
764 1599 911 1656 mentem
930 1589 1151 1668 confirmares,
1167 1590 1344 1654 ostendens
1359 1590 1442 1673 quid
1533 1611 1534 1614 ¹

335 1691 387 1770 sit,
402 1693 493 1776 quod
513 1692 556 1757 ab
577 1691 671 1758 initio
691 1693 819 1758 dixisse
836 1703 871 1759 te
889 1691 1008 1771 recolo,
1022 1703 1131 1758 totam
1145 1691 1272 1758 scilicet
1286 1692 1444 1757 scaccarii
1533 1691 1534 1776 j

335 1798 586 1882 discriptionem
618 1797 763 1879 quedem
793 1815 865 1860 esse
894 1805 1178 1862 sacramentorum
1206 1795 1347 1860 latibula
1375 1814 1444 1878 que
1533 1819 1534 1906 3

291 1901 513 1972 15reuelanda
538 1910 614 1966 sunt
639 1919 716 1965 cum
743 1897 893 1964 omnium
916 1898 990 1964 libri
1016 1899 1123 1984 aperti
1152 1908 1249 1965 erunt
1278 1907 1312 1964 et
1341 1899 1444 1964 ianua
1533 1907 1534 1992 ᾗ

334 2005 455 2070 clausa
473 2047 476 2053 -

375 2106 553 2191 Magister.
599 2107 763 2192 Magnum
788 2106 953 2190 estquod
979 2107 1090 2191 queris
1114 2115 1150 2172 et
1175 2105 1309 2171 alterius
1337 2125 1442 2189 egens

299 2211 562 2294 Binquisitionis,
580 2230 642 2275 nec
664 2209 715 2274 his
737 2209 945 2294 exponendis
966 2229 1013 2274 ex
1036 2210 1201 2294 promisso
1222 2210 1357 2276 debitor
1378 2211 1442 2276 tibi
1533 2221 1534 2313 3

334 2313 440 2380 iactus
461 2335 544 2379 sum.
592 2314 657 2380 His
680 2313 780 2398 igitur
801 2313 845 2380 ad
868 2333 1002 2397 presens
1023 2315 1222 2396 supersedeo
1247 2315 1280 2379 in
1303 2313 1441 2379 alterius

286 2441 321 2481 so
333 2417 397 2483 diei
410 2417 677 2503 'disputationem
694 2419 810 2483 eadem
830 2437 1009 2482 reseruans.
1052 2417 1178 2482 Vereor
1191 2416 1396 2500 quidemne,
1411 2418 1440 2484 si
1533 2416 1534 2444 ¹

333 2522 482 2606 pluribus
501 2531 638 2587 onerato
657 2541 779 2586 nouam
799 2521 963 2586 sarcinam
985 2519 1197 2604 imponerem,
1212 2520 1274 2584 sub
1290 2519 1441 2606 pondere

332 2625 497 2692 deficeres.
544 2627 631 2691 Item
657 2626 685 2690 si
711 2625 777 2689 iarn
801 2623 899 2688 dictis
923 2633 957 2688 et
981 2625 1142 2689 memorie
1162 2624 1441 2690 commendandis

332 2750 493 2796 nouarum
509 2749 617 2796 rerum
634 2729 745 2794 studia
759 2747 961 2807 consuerem,
977 2737 1115 2812 utraque
1130 2737 1163 2792 te
1178 2727 1326 2792 fastidire
1344 2748 1438 2794 com-

331 2833 498 2918 pellerem.
558 2833 744 2898 Contentus
776 2851 856 2916 ergo
888 2831 956 2896 iarn
990 2831 1090 2896 dictis
1117 2842 1188 2897 esto
1216 2831 1261 2895 ad
1289 2852 1356 2915 que
1384 2853 1439 2897 me

286 2952 317 3002 25
332 2939 478 3021 coegisti.
524 2935 641 3002 Habes
667 2937 754 3000 enim
781 2933 815 2998 in
841 2933 903 3010 his,
927 2942 1090 3017 quantum
1113 2934 1245 2999 madide
1267 2954 1304 2998 se
1327 2936 1438 3020 potuit

331 3041 450 3106 offerre
472 3040 639 3117 memorie,
659 3057 869 3124 quecumque
889 3037 974 3101 circa
998 3037 1150 3104 scaccarii
1176 3037 1349 3103 scientiam
1374 3059 1437 3120 po·
1533 3083 1534 3100 2

329 3144 415 3208 tiora
431 3144 493 3209 tibi
507 3145 578 3210 visa
595 3152 682 3222 sunt,
698 3140 867 3208 initialiter
880 3147 1048 3223 utcunque
1062 3139 1232 3205 distincta.
1278 3137 1436 3206 Ceterum
1533 3137 1534 3179 l

329 3245 374 3310 ad
394 3246 534 3330 singula,
551 3267 618 3330 que
637 3254 745 3310 tractu
766 3243 924 3329 temporis
939 3243 1041 3308 videri
1060 3253 1219 3327 potenmt
1240 3244 1435 3321 necessaria,
1533 3279 1534 3282 =

329 3369 439 3433 ungue
458 3360 555 3415 tenus
575 3349 788 3434 explananda
808 3368 868 3413 nec
885 3347 990 3413 virtus
1009 3345 1162 3427 hominis,
1176 3365 1236 3411 nec
1250 3347 1321 3412 vita
1340 3347 1434 3422 forte,
1533 3375 1534 3402 2

283 3465 317 3513 ³0
329 3453 501 3518 sufficeret.
547 3452 604 3517 Ex
633 3453 730 3517 variis
754 3453 843 3517 enim
870 3460 905 3516 et
930 3450 1070 3516 insolitis
1100 3449 1232 3515 casibus
1259 3451 1315 3514 vel
1344 3450 1435 3547 nulla
1533 3439 1534 3476 ³

255 3561 262 3574 '
329 3555 389 3621 fiet
409 3554 462 3620 vel
480 3554 589 3621 adhuc
603 3557 773 3640 incognita
791 3554 985 3639 disciplina3
1006 3553 1094 3620 vnde
1114 3552 1152 3618 fit
1173 3563 1210 3618 vt
1227 3554 1433 3619 detractoriis
1533 3579 1534 3636 ἦ

329 3658 449 3743 linguis
482 3657 560 3723 hinc
592 3659 704 3744 potius
739 3678 889 3742 exponar
920 3660 1014 3737 dum,
1042 3658 1239 3723 succedente
1271 3667 1432 3741 tempore,
1533 3647 1534 3736 ᾗ

330 3761 485 3847 pleraque
514 3761 617 3829 dubia
648 3761 791 3828 necdum
823 3761 938 3826 audita
967 3761 1107 3847 proponi
1135 3760 1319 3844 continget.
1379 3761 1432 3825 De
1533 3757 1534 3852 3

328 3866 449 3950 quibus
472 3874 532 3929 aut
557 3864 784 3942 consimilibus
807 3885 884 3929 curn
908 3865 962 3930 hic
984 3865 1033 3929 nil
1055 3865 1249 3941 inuenerint,
1272 3864 1431 3950 incipiant
1533 3877 1534 3902 ⁴

284 3996 315 4048 35
330 3969 477 4049 illudere,
493 3967 651 4044 dicentes,
665 3967 737 4033 ‘hic
756 3967 861 4033 homo
881 3968 969 4052 cepit
989 3965 1144 4034 edificare
1164 3976 1199 4033 et
1220 3986 1287 4031 non
1310 3966 1430 4052 potuit,

364 4152 557 4222 sscientiaR
681 4153 852 4224 samoreR
981 4150 1107 4209 8noctis
1120 4152 1214 4206 om.R
1326 4149 1429 4220 palia]

328 4225 499 4352 i²llgangR
552 4237 637 4294 11,12
656 4223 990 4280 in...mentem.om.R
1131 4223 1166 4278 26
1183 4220 1342 4294 quicunque
1352 4223 1430 4278 codd.
