3096 4832
113 305 143 354 u
159 288 249 382 vin]
484 293 551 359 DE
575 291 850 362 SCACCARIO
1151 310 1212 378 127

111 463 188 527 eius
199 473 331 547 propter
342 463 522 548 prestitum
536 463 739 529 reclamandi
753 461 847 529 locus
862 463 1066 550 relinquitur.
1112 467 1212 534 Simi-

110 565 234 643 liter,si
249 567 378 633 dictum
394 567 503 648 fuerit,
523 575 531 603 ‘
546 568 599 632 llli
614 589 649 632 on
663 569 822 652 quamdiu
838 569 906 652 regi
921 569 1102 652 placuerit.'
1204 619 1207 628 .

152 669 349 754 Dr'scioulus.
395 669 487 755 Quid
503 680 554 738 est
568 671 659 756 quod
671 671 787 738 dixisti
802 672 1028 740 ‘liberationes
1042 674 1210 760 utriusque
1223 679 1259 741 vi

107 774 284 857 generis'?

151 877 329 961 Magister.
373 878 625 944 Liberationum
644 881 789 964 quedam
803 890 881 946 sunt
900 880 1118 966 indigentium
1133 904 1237 957 cums

105 1002 153 1045 ex
167 983 240 1046 solo
254 983 402 1048 caritatis
423 983 543 1049 intuitu
561 984 605 1048 ad
620 984 744 1049 victum
762 994 796 1049 et
810 983 966 1050 vestitum
985 985 1082 1051 alicui
1096 1007 1119 1052 a
1132 1007 1211 1070 rege

103 1087 259 1151 denarius
267 1087 414 1166 diurnus,
425 1087 477 1152 vel
489 1089 566 1162 duo,
577 1086 629 1152 vel
639 1087 749 1171 plures
757 1089 1010 1154 constituuntur.
1056 1088 1210 1172 Quedam

104 1209 187 1254 vero
200 1199 278 1255 sunt
292 1192 507 1255 seruientium
518 1203 555 1256 vt
566 1191 628 1255 hec
640 1211 701 1275 pro
711 1191 883 1274 stipendiis
894 1190 1084 1277 suscipiant,
1094 1191 1210 1277 quales

102 1302 185 1358 sunt
197 1294 302 1360 editui
313 1293 405 1378 regii,
417 1294 577 1376 tibicines,
587 1295 741 1380 luporum
753 1295 1043 1380 comprehensores
1055 1305 1089 1361 et
1100 1295 1210 1362 huius·

103 1399 208 1464 modi
253 1397 331 1464 Hee
355 1407 434 1464 sunt
453 1398 554 1483 igitur
582 1400 702 1465 diuersi
723 1400 852 1483 generis
883 1398 1103 1480 liberationes,
1130 1400 1209 1484 quia
1224 1421 1255 1458 ιο

102 1503 244 1567 diuersis
269 1523 315 1567 ex
336 1501 445 1567 causis
469 1503 653 1583 soluuntur,
674 1504 761 1570 inter
781 1504 962 1569 constituta
983 1511 1096 1569 tamen
1118 1525 1208 1570 com-

103 1615 271 1689 putantur.
318 1601 382 1696 [Et
397 1615 478 1672 nota
492 1607 593 1691 quod,
607 1605 686 1672 licet
701 1606 840 1672 liberum
855 1607 899 1671 sit
917 1606 986 1689 regi
1005 1607 1208 1690 quibuslibet

102 1711 331 1796 indigentibus
357 1711 418 1776 has
442 1710 655 1776 liberationes
685 1711 844 1791 conferre,
865 1731 910 1776 ex
935 1711 1072 1795 antiqua
1094 1721 1208 1777 tamen

103 1816 314 1880 institutione
335 1815 445 1880 solent
466 1813 530 1880 hiis
551 1814 709 1900 assignari
727 1814 784 1898 qui
807 1815 840 1879 in
862 1813 953 1880 curia
975 1814 1208 1895 ministrantes,

101 1940 181 1983 cnm
203 1920 355 1985 redditus
378 1939 445 1984 non
466 1918 621 1998 habeant,
643 1919 678 1982 in
700 1938 874 2002 corporum
895 1939 1029 1982 suorum
1052 1919 1252 1988 inualitu-1s

101 2023 215 2088 dinem
231 2025 393 2089 decidunt
410 2032 446 2089 et
462 2021 631 2088 laboribus
651 2021 783 2086 inutiles
804 2015 913 2110 fiunt]
960 2021 1036 2086 Hiis
1051 2022 1207 2090 omnibus

102 2147 164 2208 per
177 2128 329 2192 ordinem
344 2127 522 2204 annotatis,
537 2125 647 2211 querit
666 2124 888 2192 thesaurarius
906 2145 926 2190 a
940 2127 1143 2206 vicecomite,
1159 2129 1205 2194 ‘si
1232 2113 1233 2116 ¹

100 2231 184 2312 quid
198 2231 396 2314 expenderit
413 2230 457 2296 de
475 2229 571 2295 firma
586 2229 764 2296 comitatus
782 2249 841 2313 per
861 2229 974 2295 breuia
992 2231 1079 2314 regis
1096 2241 1206 2316 preter

101 2332 305 2400 constituta!
349 2334 446 2400 Tunc
471 2334 619 2400 seriatim
647 2333 746 2398 missa
769 2333 832 2398 sibi
856 2333 942 2418 regis
967 2334 1079 2401 breuia
1102 2337 1205 2402 tradit

101 2438 221 2504 clerico
250 2437 446 2517 cancellarii,
474 2439 533 2523 qui
560 2438 648 2502 lecta
677 2438 711 2502 in
741 2437 913 2522 publicum
942 2439 1059 2503 eadem
1086 2438 1205 2506 liberat
1220 2455 1252 2495 ²0

101 2542 307 2608 thesaurario
335 2551 373 2607 vt
402 2543 482 2625 ipse,
508 2542 690 2608 secundum
716 2528 858 2607 sormam
885 2540 919 2606 in
944 2541 1099 2606 breuibus
1125 2561 1204 2607 con·

101 2656 244 2730 ceptam,
260 2645 295 2710 in
313 2647 507 2729 scripturam
530 2644 630 2710 rotuli
646 2644 696 2710 sui
711 2655 901 2730 opportuna
915 2644 1017 2711 verba
1033 2647 1206 2713 ministret.

102 2749 180 2832 lpse
191 2769 347 2834 namque,
357 2749 443 2814 sicut
453 2749 579 2815 dictum
591 2759 652 2826 est,
664 2747 950 2832 prescribitetalii
961 2749 1204 2815 conscribentes

99 2853 146 2918 ab
159 2854 281 2919 eodem
291 2853 473 2938 excipiunt„
518 2853 595 2918 Hoc
609 2853 708 2930 iacto,
723 2853 869 2917 ostendit
883 2853 1066 2918 vicecomes
1080 2854 1108 2917 si
1123 2854 1202 2938 quid

99 2959 300 3040 expenderit
326 2977 392 3022 non
415 2977 478 3042 per
500 2955 613 3022 breuia
635 2957 695 3022 sed
723 2977 784 3040 per
808 2947 1025 3022 constitutam
1049 2959 1203 3023 scaccarii
1218 2969 1248 3022 ²5

99 3061 211 3146 legem
234 3059 298 3124 sibi
327 3063 563 3146 computanda,
592 3061 705 3143 qualia
734 3068 811 3126 sunt
840 3060 1056 3126 liberationes
1081 3063 1204 3144 proba·-

99 3175 212 3229 torum
227 3164 314 3248 regis
334 3173 369 3230 et
385 3165 466 3230 item
485 3186 526 3230 ea
545 3183 611 3248 que
628 3163 807 3230 mittuntur
823 3163 858 3229 in
876 3163 1007 3230 iustitiis
1022 3173 1057 3230 et
1073 3165 1202 3230 iudiciis

97 3267 287 3353 explenda.
909 3316 914 3325 ,

139 3371 298 3438 Aduertc
311 3381 424 3436 autem
442 3371 583 3437 iustitias
596 3371 650 3436 hic
664 3369 821 3437 usualiter
835 3372 1016 3456 nuncupari
1030 3371 1151 3457 prolati
1166 3327 1257 3456 inl,n

96 3477 230 3561 aliquos
245 3475 323 3541 iuris
343 3477 566 3556 executiones,
585 3475 707 3540 iudicia
726 3496 806 3542 vero
826 3475 916 3560 leges
936 3477 1106 3542 candentis
1126 3475 1249 3542 leniae

96 3577 150 3642 vel
184 3595 281 3661 aque.
326 3575 557 3641 Liberationes
588 3575 688 3660 igitur
723 3576 940 3661 probatorum
975 3577 1039 3643 hac
1076 3577 1204 3642 ratione

95 3681 204 3746 liunt:
238 3688 374 3765 propter
400 3679 590 3744 innumeras
628 3679 720 3764 regni
756 3679 854 3745 huius
885 3681 1020 3745 diuitias
1056 3690 1090 3746 et
1121 3681 1201 3746 item

96 3793 236 3868 propter
257 3784 406 3850 innatam
427 3783 591 3866 indigenis
613 3781 791 3866 crapulam,
813 3803 915 3868 quam
937 3803 1068 3867 semper
1092 3804 1203 3851 comes

95 3889 201 3954 libido
233 3888 391 3971 sequitur,
420 3887 585 3971 contingit
614 3887 649 3952 in
678 3887 751 3971 ipso
780 3885 983 3972 frequentius
1015 3887 1103 3952 furta
1132 3887 1204 3951 fieri

96 3992 275 4058 manifesta
298 3989 352 4056 vel
378 3991 519 4070 occulta,
534 4011 664 4055 necnon
682 4001 717 4056 et
738 3989 917 4056 homicidia
933 4011 974 4056 ac
994 3990 1199 4056 diuersorum
1216 4002 1247 4055 ³5

95 4112 257 4195 genemm
275 4089 410 4169 scelera,
424 4091 625 4156 addentibus
646 4089 798 4157 stimulos
819 4090 945 4156 mechis
962 4098 999 4155 vt
1016 4086 1117 4152 nichil
1131 4106 1199 4151 non

133 4259 151 4315 3
168 4245 246 4316 quod
265 4261 319 4298 om.
338 4245 366 4300 R
447 4246 546 4315 9post
561 4253 628 4299 runt
645 4243 711 4301 adri
726 4243 780 4300 boc
796 4251 840 4300 est
857 4241 990 4298 custodes
1006 4238 1154 4294 domorum
1168 4239 1207 4296 Ν

96 4315 350 4389 23·predictumC
435 4329 471 4386 30
487 4313 568 4388 iuris]
580 4314 655 4371 viros
667 4315 695 4370 R
