3086 4822
120 321 229 374 carr.
246 322 317 375 ns.
333 305 364 398 1]
491 307 558 375 DE
581 307 856 378 SCACCARIO
1183 329 1224 399 57

119 480 244 561 virum,
272 489 343 547 tam
374 479 552 566 singularis
587 485 737 567 potentie
771 482 963 568 principem,
993 482 1078 550 inter
1115 493 1226 552 cetera

120 585 251 650 maiora
273 586 334 662 bec
356 586 459 651 etiam
481 603 622 652 curasse.
668 586 758 653 Sane
779 587 978 656 scaccarium
1004 589 1071 653 suis
1096 587 1226 674 legibus

118 709 187 754 non
215 697 342 753 temere
367 699 420 754 set
445 709 643 775 magnorum
673 690 933 756 consideratione
958 691 1109 758 subsistit
1133 691 1226 758 cuius

118 791 208 857 ratio
234 792 262 857 si
288 801 436 858 serueter
463 794 498 859 in
526 794 681 860 omnibus
710 801 868 879 poterunt
897 793 1035 879 singulis
1063 817 1125 864 sua
1154 793 1227 862 iura

117 895 245 960 seruari
271 904 306 961 et
331 895 392 962 tibi
419 896 516 980 plene
541 897 738 982 prouenient
766 917 834 982 que.
857 895 937 964 fisco
963 897 1134 979 debentur,
1158 919 1253 983 que5

116 999 229 1082 possit
259 1009 426 1083 oportune
454 999 658 1066 nobiIIssime
688 1001 810 1068 mentis
839 1008 897 1066 tue
925 1000 1076 1070 ministra
1106 1021 1224 1068 manus

115 1101 303 1168 effundere.
1027 1105 1033 1119 '

395 1324 576 1410 [Incipiunt
590 1324 737 1416 capitula
750 1326 825 1394 libri
840 1325 951 1416 primi.

161 1494 192 1560 I.
217 1493 311 1578 Quid
324 1496 370 1560 sit
383 1497 584 1562 scaccarium
598 1506 713 1580 etque
727 1497 812 1564 ratio
826 1496 925 1562 huius
938 1495 1090 1562 nominis.

161 1640 213 1705 II.
235 1637 338 1724 Quod
367 1640 459 1707 aliud
489 1651 539 1708 est
567 1642 701 1714 inferius
729 1649 831 1734 atque
858 1641 950 1714 aliud
980 1641 1130 1727 superius
1155 1661 1221 1706 vna
1237 1677 1267 1713 ιο

113 1751 235 1810 tamen
258 1745 351 1829 origo
373 1745 552 1830 utriusque.

162 1890 233 1956 111.
256 1891 332 1976 Que
346 1890 390 1956 sit
398 1891 483 1957 ratio
490 1891 544 1958 vel
556 1891 719 1959 institutio
730 1891 1095 1976 inferiorispersingula
1103 1889 1220 1958 officia.

163 2035 253 2102 1111.
276 2037 354 2122 Que
375 2037 419 2103 sit
440 2038 617 2105 auctoritas
639 2037 815 2121 superioris
831 2045 867 2103 et
883 2036 970 2103 vnde
992 2037 1133 2124 sumpsit
1155 2037 1220 2102 ori·

115 2161 243 2226 gruem

161 2285 206 2351 V.
231 2285 334 2370 Quod
365 2287 409 2351 sit
441 2285 586 2352 officium
618 2283 813 2372 presidentis
842 2283 876 2348 in
907 2283 964 2349 illo
994 2293 1028 2350 et
1057 2304 1124 2369 que
1153 2286 1221 2350 sint
1237 2318 1265 2366 15

114 2390 329 2474 singulorum
351 2391 416 2456 sibi
438 2389 652 2456 assidentium
674 2389 812 2464 officia..

161 2534 226 2602 VI.
249 2525 335 2621 Quis
348 2535 392 2602 sit
405 2545 501 2602 tenor
515 2536 665 2603 breuium
681 2535 767 2620 regis
782 2531 945 2598 sactorum
961 2533 1004 2598 ad
1019 2533 1220 2600 scaccarium

114 2640 193 2706 siue
211 2641 255 2706 de
275 2641 368 2706 exitu
389 2640 536 2706 thesauri
555 2640 624 2705 siue
642 2639 684 2704 de
700 2635 944 2721 computandis,
958 2636 1029 2702 siue
1044 2635 1087 2700 de
1102 2635 1221 2720 perdo·

116 2743 252 2810 nanctis.

161 2887 244 2954 vn.
266 2886 304 2953 A
325 2869 451 2974 qursus'
466 2897 500 2953 et
521 2889 565 2954 au
586 2887 668 2973 quse
690 2887 841 2953 instituta
862 2883 925 2952 rut
946 2883 1076 2970 argens
1095 2885 1219 2954 exami-
1236 2920 1266 2955 ,ο

115 2992 228 3072 nacio,
241 3001 294 3057 set
308 2991 373 3058 boc
387 2991 576 3058 incidenter.

163 3135 264 3200 VIII.
288 3136 365 3220 Que
388 3137 455 3203 sint
477 3137 546 3202 iura
567 3145 602 3202 et
623 3135 805 3221 dignitates
826 3134 1039 3200 residentium
1062 3133 1106 3202 ad
1127 3153 1218 3200 scac-
1293 3135 1295 3140 '

113 3241 246 3307 carium
261 3239 315 3304 vel
333 3261 378 3305 ex
397 3239 507 3306 officio
521 3237 574 3306 vel
592 3260 637 3305 ex
655 3241 726 3306 solo
741 3238 825 3325 regis
840 3239 1009 3320 mandato,
1024 3247 1059 3304 et
1072 3240 1217 3328 quedam

114 3343 299 3409 Incidentia
314 3343 503 3409 necessaria.

112 3525 114 3528 ·
161 3487 228 3554 IX.
252 3487 343 3572 Quid
360 3489 546 3574 scutagium
561 3499 596 3555 et
611 3509 714 3572 quare
728 3488 776 3556 sic
789 3489 927 3556 dicatur.
1232 3520 1262 3568 ις

164 3633 210 3698 X.
234 3632 326 3717 Quid
341 3634 511 3699 murdrum
526 3641 560 3699 et
574 3607 676 3718 quare
690 3633 737 3730 sic
751 3633 888 3700 dictum.
985 3674 988 3680 -

162 3779 228 3846 XI.
251 3779 341 3864 Quid
359 3779 583 3865 danegeldum
603 3790 638 3846 et
658 3799 760 3863 quare
773 3779 820 3845 sic
834 3779 1042 3850 nominatum
1056 3779 1109 3846 vel
1124 3780 1218 3848 insti·

113 3895 241 3951 tutum.

161 4037 243 4105 XII.
267 4037 361 4126 Quid
377 4035 500 4104 foresta
515 4037 601 4121 regis
616 4045 650 4102 et
665 4057 731 4121 que
746 4037 832 4104 ratio
846 4035 1090 4122 appellationis.

110 4267 297 4398 ὤὲαὲυῗω
309 4306 317 4324 .
333 4261 492 4394 ⁸.tncr3nrirsis
510 4262 574 4319 add.
599 4260 646 4318 W
730 4276 764 4319 ιι
782 4259 856 4335 Quo]
879 4261 955 4334 Quid
972 4259 1030 4317 CN
1104 4257 1139 4314 26
1153 4258 1221 4329 post

293 4355 332 4396 .e

152 4457 270 4492 nscsoe·
614 4433 678 4486 Ἰ
