3096 4832
367 319 431 386 154
710 357 716 372 .
733 299 801 368 DE
824 297 1097 371 SCACCARIO
1330 303 1375 390 [11
1392 309 1469 372 xxii

365 497 431 562 que
451 474 571 542 catalla
594 475 694 542 vendi
714 475 857 544 debeant
876 483 911 542 et
934 497 1000 560 que
1019 497 1108 557 non;
1132 488 1166 544 et
1188 479 1269 544 item
1290 477 1324 543 in
1345 479 1468 564 quibus

364 600 577 668 personarum
599 581 751 646 discretio
773 580 916 646 tenenda
938 592 990 647 est
1010 591 1045 646 et
1068 581 1101 645 in
1123 581 1244 666 quibus
1266 601 1357 660 non;
1385 593 1469 648 tunc

365 685 489 754 scilicet
505 705 581 750 cum
592 685 769 760 debitores,
780 685 836 768 qui
852 685 885 748 in
896 685 1092 768 pecuniariis
1107 686 1202 770 penis
1217 685 1285 770 regi
1300 695 1468 762 tenentur,

366 789 529 856 soluendo
545 797 611 853 'non
625 787 755 854 suerint.
801 788 921 854 Restat
934 799 970 854 vt
985 789 1065 872 quid
1080 791 1123 854 dc
1136 787 1259 856 oblatis
1273 791 1468 875 spontaneis

341 890 437 958 sfieri
452 893 582 970 debeat,
598 913 673 958 cum
689 892 770 958 item
786 911 853 957 non
867 891 1034 971 soluerint,
1048 893 1272 958 ostendamus

329 1037 356 1086 A
411 997 556 1063 Noueris
585 995 683 1081 igitur
711 997 802 1080 quod
830 994 1018 1061 oblatorum
1045 995 1125 1082 regi,
1150 996 1295 1079 quedam
1320 994 1354 1059 in
1384 1017 1468 1076 rem,

366 1102 511 1186 quedam
529 1101 563 1164 in
579 1119 684 1186 spem,
704 1096 893 1164 offeruntur.
938 1097 979 1163 In
1002 1119 1071 1164 rem
1094 1097 1231 1182 quidem
1252 1097 1362 1165 offerri
1382 1101 1469 1164 dici·

365 1225 533 1285 muscum
545 1204 815 1287 oblatumarege
825 1201 1010 1287 suscipitur,
1020 1209 1054 1268 et
1065 1201 1207 1268 offerens
1215 1213 1467 1286 consequenter,

364 1328 426 1392 pro
451 1330 520 1394 quo
545 1307 679 1384 obtulit,
701 1327 723 1372 a
744 1323 821 1390 rege
850 1305 996 1389 suscipit,
1018 1315 1056 1371 vt
1077 1305 1104 1369 si
1128 1305 1204 1389 quis
1225 1327 1287 1391 pro
1309 1306 1468 1374 libertate

320 1439 351 1478 ro
364 1411 485 1497 aliqua,
500 1433 562 1496 pro
579 1411 682 1476 fundo
701 1408 754 1476 vel
772 1429 834 1495 pro
854 1409 958 1485 firma,
972 1410 1025 1474 vel
1046 1429 1108 1494 pro
1124 1411 1277 1476 custodia
1295 1412 1466 1496 cuiusque,

363 1518 421 1602 qui
442 1515 548 1582 minor
561 1525 612 1582 est
633 1515 740 1592 annis,
754 1533 858 1598 usque
872 1513 915 1578 ad
930 1533 1034 1579 annos
1046 1511 1213 1597 legitimos
1232 1513 1396 1595 habenda,
1410 1517 1467 1582 vel

293 1607 296 1613 ⁵
362 1640 424 1704 pro
453 1619 570 1704 quouis
599 1619 665 1685 alio
691 1619 782 1704 quod
812 1617 856 1683 ad
885 1637 978 1682 suam
1011 1615 1190 1682 utilitatem
1219 1617 1273 1682 vel
1301 1618 1467 1686 honorem

362 1725 519 1791 accedere
547 1722 708 1798 videatur,
736 1730 857 1806 sponte
886 1721 954 1805 regi
991 1741 1019 1787 c.
1049 1720 1151 1786 libras
1178 1721 1232 1786 vel
1269 1741 1297 1788 c
1335 1743 1468 1788 marcas

362 1827 489 1906 offerat,
510 1835 554 1908 et,
570 1825 769 1892 assentiente
791 1845 877 1911 rege,
896 1825 1009 1890 statim
1031 1833 1108 1909 post
1129 1825 1280 1892 oblatum
1303 1827 1467 1910 suscipiat

319 1954 349 2006 1⁵
362 1939 527 2014 optatum.
572 1929 626 1995 De
651 1929 703 1994 his
731 1929 839 2014 igitur,
860 1929 919 2013 qui
940 1937 1060 2012 sponte
1084 1948 1121 1994 se
1146 1928 1308 2012 obligant,
1333 1939 1369 1995 et
1395 1935 1467 2015 qui,

362 2034 582 2100 conuentione
597 2055 673 2098 cum
688 2033 837 2119 principe
851 2033 948 2113 iacta,
963 2031 1132 2116 possidere
1146 2033 1212 2098 iarn
1232 2034 1389 2118 ceperint,
1405 2034 1466 2100 lex

362 2146 474 2203 nostra
499 2138 647 2204 decernit
663 2147 709 2214 vt,
729 2137 887 2220 quamdiu
908 2136 1070 2203 soluendo
1088 2135 1220 2216 tuerint,
1239 2136 1378 2203 indultis
1397 2141 1465 2205 sibi

361 2239 527 2308 beneficiis
552 2239 722 2325 gaudeant
744 2250 780 2305 et
805 2247 949 2306 utantur.
994 2237 1144 2324 Quodsi
1167 2241 1210 2305 de
1232 2241 1318 2324 regis
1343 2241 1466 2308 debito

361 2343 555 2410 summoniti
574 2343 703 2411 soluere
724 2343 891 2424 desierint,
913 2344 1026 2410 statim
1048 2353 1184 2410 careant
1206 2343 1400 2430 impetratis,
1415 2349 1466 2413 sic

317 2459 475 2518 notamen
497 2459 534 2514 vt
554 2449 593 2529 si,
608 2457 763 2514 manente
783 2447 958 2525 scaccario,
975 2467 1074 2530 super
1095 2449 1214 2514 eodem
1234 2448 1465 2528 satisfecerint,

361 2554 474 2620 ablata
488 2551 601 2618 omnia
611 2553 681 2617 sine
697 2549 848 2617 molestia
862 2551 926 2616 sibi
941 2551 1166 2618 restituantur.
1211 2549 1258 2618 Et
1273 2563 1356 2618 nota
1369 2556 1464 2638 quod

360 2657 598 2743 qualiscunque
620 2673 770 2740 persona,
793 2654 1029 2737 cuiuscumque
1050 2654 1150 2720 etiam
1174 2655 1375 2721 conditionis
1404 2668 1465 2723 aut

360 2781 461 2828 sexus
479 2760 585 2838 luerit,
599 2758 675 2825 huic
695 2758 903 2824 observantie
922 2759 965 2824 de
978 2768 1098 2842 sponte
1118 2757 1238 2826 oblatis
1252 2779 1387 2844 semper
1400 2763 1465 2828 en't
1530 2839 1531 2851 χ

360 2864 517 2941 obnoxia,
532 2873 570 2930 vt
591 2862 716 2928 scilicet
738 2861 987 2927 summonitioni
1006 2861 1187 2928 satisfaciat
1208 2863 1261 2928 vel
1282 2863 1464 2948 impetrato
1529 2905 1530 2939 r

316 2999 347 3050 ²5
360 2979 479 3048 careat,
494 2966 556 3033 nisi
571 2987 631 3032 rex
652 2967 722 3050 ipse
736 2966 886 3049 obsequii
905 2965 1034 3050 prestiti
1048 2963 1102 3031 vel
1121 2967 1326 3050 paupertatis
1340 2969 1462 3036 intuitu
1528 2977 1529 2980 ’

360 3071 485 3156 aliquid
514 3071 578 3136 sibi
604 3079 714 3154 preter
740 3088 952 3135 communem
978 3069 1087 3154 legem
1114 3069 1294 3154 indulgeat,
1315 3074 1409 3140 velut
1434 3075 1462 3138 si

360 3174 403 3240 de
418 3173 604 3239 oblatorum
616 3173 732 3258 grandi
748 3193 878 3239 summa
893 3173 935 3239 ad
951 3173 1123 3257 quodlibet
1138 3176 1339 3240 scaccarium
1353 3179 1461 3244 modi-

360 3295 436 3340 cum
460 3276 539 3360 quid
561 3276 694 3361 abipso
716 3278 800 3343 solui
820 3276 1002 3344 constituat
1019 3287 1053 3343 et
1070 3277 1135 3344 hoc
1158 3299 1218 3361 per
1237 3280 1341 3345 breue
1362 3300 1461 3346 suum

360 3379 540 3445 baronibus
554 3379 745 3446 innotescat.

315 3456 348 3560 ³ss
405 3482 445 3546 In
467 3501 560 3566 spem
580 3503 659 3549 vero
678 3485 833 3551 dicuntur
854 3482 963 3550 offerri
983 3505 1059 3550 curn
1078 3485 1163 3569 quis,
1182 3485 1371 3554 erchibende
1397 3490 1461 3555 sibi

360 3585 484 3650 iustitie
499 3603 605 3665 causa,
619 3595 718 3671 super
736 3589 839 3654 iundo
853 3589 906 3654 vel
922 3577 1052 3654 redditu
1066 3587 1190 3673 aliquo,
1206 3591 1275 3674 regi
1294 3611 1460 3659 summam

360 3689 504 3772 aliquam
525 3687 645 3768 offert;
668 3711 734 3755 non
756 3700 868 3758 tamen
891 3701 928 3756 vt
950 3690 1017 3766 fiat,
1036 3712 1078 3757 ne
1097 3693 1131 3756 in
1154 3713 1214 3758 nos
1236 3697 1461 3764 excandescas

361 3800 397 3856 et
416 3788 567 3856 venalem
586 3813 686 3874 penes
707 3813 784 3858 eum
805 3794 964 3860 iustitiam
987 3796 1084 3876 dicat,
1102 3797 1206 3864 immo
1227 3807 1264 3864 vt
1283 3800 1354 3865 siue
1374 3801 1459 3866 dila-

360 3897 452 3961 tione
466 3893 536 3961 fiat.
580 3895 722 3963 Noueris
745 3905 858 3964 tamen
883 3919 951 3964 non
976 3919 1175 3984 quecunque
1197 3902 1245 3966 sic
1266 3903 1460 3984 offeruntur,

314 4020 346 4072 ar
359 4019 381 4063 a
415 3997 565 4084 principe
593 4000 723 4082 suscipi,
759 4000 889 4066 etiarnsi
919 4004 1058 4069 modurn
1096 4004 1250 4070 videatur
1283 4009 1458 4078 excedere.

360 4101 472 4169 Gratis
492 4102 580 4168 enim
607 4103 805 4186 quibusdam
833 4104 957 4172 iustitie
974 4107 1218 4192 plenitudinem
1241 4109 1382 4178 exhibet
1400 4114 1458 4180 ob·

394 4273 411 4329 7
428 4263 581 4321 offeruntur
591 4265 721 4322 Madet:
739 4263 891 4324 offerentur
902 4267 949 4324 N:
966 4283 1021 4324 om.
1033 4267 1062 4323 R
1147 4284 1179 4325 21
1200 4267 1308 4342 ablata]
1321 4271 1418 4330 oblata
1428 4274 1462 4330 Ν

356 4343 392 4398 ,27
409 4334 564 4392 oblatonrm
575 4338 758 4408 smpstnur:
777 4337 903 4396 oblatore
914 4339 974 4396 NR
1026 4339 1152 4411 quolibet
1163 4341 1193 4397 R
