3096 4832
345 291 407 369 156
712 280 779 347 nn
802 274 1077 349 scnccmuo
1311 262 1355 370 [11
1375 282 1451 351 xvir

341 463 462 541 sponte
478 452 567 519 visus
585 461 635 519 est
655 452 816 536 optulisse
830 459 867 516 vt
887 451 935 517 sic
953 472 975 516 a
993 449 1253 518 summonitione
1272 451 1336 519 sibi
1356 455 1449 522 sacta

342 558 473 625 liberari
488 557 606 638 valeat,
625 575 668 622 ne
687 576 709 621 a
727 555 879 622 debitore
898 553 1057 640 quolibet,
1077 555 1136 639 qui
1157 555 1228 640 regi
1250 577 1317 622 non
1337 559 1449 636 soluit,

343 661 475 726 interim
496 660 616 744 aliqua,
637 680 704 744 que
727 659 791 725 sibi
815 659 900 725 iuste
924 659 1143 739 debebantur,
1157 659 1325 743 suscipiat.
1368 661 1448 726 Non

342 765 430 829 enim
450 763 628 830 verisimile
644 774 695 829 est
717 783 784 829 non
806 783 903 847 posse
917 762 1148 828 vicecomitem
1167 763 1210 828 de
1228 762 1354 828 catall'n
1377 766 1448 830 eius

313 869 513 950 ginuenisse
540 887 600 952 per
628 887 693 951 que
718 867 788 952 regi
817 867 934 934 debita
959 885 1092 931 summa
1115 864 1272 948 soluatur,
1297 867 1354 950 qui
1387 869 1449 952 ipsi

341 973 541 1051 vicecomiti,
555 981 676 1056 sponte
693 970 745 1036 vei
769 971 901 1050 inuitus,
916 969 1007 1052 quod
1030 969 1267 1052 requirebatur,
1292 969 1448 1036 exsoluit.

342 1075 381 1143 Si
401 1087 514 1143 tamen
535 1086 613 1142 ante
628 1075 741 1140 datam
756 1073 859 1140 fidem
873 1093 932 1157 per
946 1092 983 1137 se
996 1073 1050 1139 vei
1065 1093 1124 1156 per
1136 1073 1240 1138 alium
1254 1075 1448 1141 recordatus

342 1179 441 1246 inerit
455 1181 637 1246 vicecomes
657 1178 701 1244 de
719 1177 771 1243 his
790 1175 902 1261 aliqua
921 1197 958 1242 se
976 1175 1164 1260 suscepisse,
1178 1176 1233 1242 vel
1253 1178 1355 1244 etiam
1371 1187 1447 1262 post

341 1283 466 1364 datam,
481 1284 629 1349 nondum
649 1290 764 1348 tamen
783 1281 893 1347 soluto
912 1281 1077 1348 scaccario
1096 1281 1164 1347 diei
1186 1281 1282 1362 illius,
1299 1280 1365 1349 boc
1388 1291 1447 1358 est,

297 1387 423 1453 rodum
452 1396 628 1471 compotus
657 1386 727 1452 eius
757 1405 871 1450 recem
899 1394 961 1466 est,
986 1395 1021 1451 et
1045 1387 1180 1452 veniens
1210 1387 1244 1451 in
1274 1387 1446 1470 publicum

340 1490 478 1576 querula
491 1511 574 1556 voce
587 1510 624 1555 se
637 1489 780 1575 suscepti
795 1499 875 1556 tunc
892 1488 1110 1554 inmemorem
1128 1489 1305 1570 exstitisse,
1319 1489 1391 1556 fide
1405 1493 1448 1556 de

340 1595 393 1661 bis
412 1594 538 1674 oblata,
551 1591 746 1659 confirmare
759 1591 911 1672 voluerit,
924 1601 1110 1676 susceptam
1131 1613 1295 1659 summam
1309 1595 1446 1660 nomine

340 1698 499 1765 debitoris
518 1697 709 1781 persolvens
729 1695 933 1762 liberabitur.
955 1684 1013 1760 ¹Si
1032 1715 1121 1776 vero,
1140 1697 1232 1780 quod
1252 1695 1352 1776 absit,
1371 1708 1447 1781 post

340 1801 441 1868 fidem
457 1803 582 1880 datam,
595 1807 671 1884 post
690 1798 835 1866 solutum
855 1799 1064 1876 scaccarium,
1078 1819 1139 1884 per
1152 1799 1255 1867 alium
1272 1801 1338 1866 hoc
1354 1803 1447 1866 inno-

297 1933 326 1990 ¹5
340 1906 451 1986 tuerit,
466 1923 533 1972 non
554 1904 621 1969 iam
640 1913 795 1988 suscepta
812 1912 943 1968 tantum
963 1903 1094 1970 soluens
1112 1903 1303 1970 absoluetur
1316 1914 1371 1970 set
1386 1925 1447 1990 pro

341 2029 479 2074 excessu
504 2027 565 2073 suo
589 2007 623 2071 in
647 2007 734 2093 regis
760 2004 970 2091 beneplacito
999 2007 1194 2074 iudicandus
1223 2009 1444 2094 pecuniariter

341 2111 503 2195 punietur.

385 2214 556 2280 Postremo
569 2213 796 2282 vicecomitem
812 2214 1054 2282 commonuisse
1072 2215 1214 2284 sufficiat
1227 2223 1265 2281 vt
1279 2226 1360 2301 post
1373 2237 1443 2280 sus-

341 2329 472 2406 ceptam
493 2319 786 2386 summonitionem
807 2319 984 2404 diligenter
999 2320 1144 2405 inquirat
1164 2339 1223 2403 per
1237 2319 1403 2397 viciniam,
1417 2320 1442 2383 si
1526 2349 1527 2370 2

296 2463 328 2500 ,ο
341 2424 390 2490 vir
409 2424 466 2509 qui
486 2422 649 2489 soluendo
669 2443 735 2488 non
755 2432 806 2488 est
819 2443 960 2490 vxorem
981 2425 1113 2502 ducens,
1127 2421 1179 2489 vel
1200 2423 1317 2489 mulier
1334 2424 1443 2490 ditiori

340 2531 476 2604 nubens,
488 2527 541 2593 vel
553 2527 671 2612 quouis
685 2526 752 2595 aiio
766 2529 871 2594 modo
882 2529 1032 2608 ditescat,
1043 2536 1205 2611 quatenus
1220 2527 1264 2592 de
1279 2527 1443 2614 requisitis

339 2633 528 2700 satisfacere
546 2631 677 2708 valeat3
708 2633 800 2716 quod
821 2632 848 2696 si
869 2633 1041 2699 inuentum
1060 2631 1169 2712 suerit,
1186 2642 1322 2716 propter
1344 2632 1442 2699 fidem

339 2737 543 2804 vicecomitis
571 2735 701 2801 soluere
729 2735 957 2819 compellatur.
1006 2735 1108 2820 Quod
1136 2736 1165 2801 si
1194 2735 1295 2803 nichil
1324 2737 1441 2804 horum

340 2841 511 2906 inuentum
541 2838 648 2917 suerit,
673 2839 797 2922 poterit
822 2848 902 2904 tunc
928 2851 1071 2923 purgata
1093 2839 1296 2906 conscientia
1320 2841 1367 2905 de
1395 2838 1441 2903 bis

296 2971 327 3024 ²5
341 2945 440 3009 rebus
462 2944 563 3009 tidem
585 2943 665 3009 dare
686 2952 720 3009 ct
742 2943 971 3008 imminentem
994 2963 1104 3008 rerum
1126 2962 1261 3010 suarum
1284 2942 1439 3009 iacturam
1525 2927 1526 2937 ἵ

342 3045 515 3113 declinare.

246 3156 330 3220 xviii
385 3149 579 3234 Discipulos.
623 3149 797 3236 Numquid
818 3149 868 3216 vir
889 3169 951 3234 pro
971 3170 1085 3230 vxore,
1102 3169 1170 3234 que
1186 3149 1256 3236 regi
1270 3147 1440 3218 tenebatur

343 3261 379 3318 et
393 3253 453 3318 sati
469 3252 582 3319 debita
597 3254 663 3319 iam
677 3254 778 3322 soluit
792 3254 846 3320 vel
860 3275 923 3340 pro
936 3255 1007 3320 viro
1022 3275 1084 3321 suo
1099 3255 1218 3322 mulier
1232 3255 1263 3320 ei
1278 3261 1440 3341 superstes

341 3355 511 3421 conueniri
525 3355 650 3422 debet?

296 3485 329 3538 30
384 3456 560 3541 Magister.
592 3456 682 3526 Satis
693 3459 814 3526 audisti
826 3461 917 3545 quod
930 3461 1005 3546 ‘qui
1014 3459 1438 3541 adheret'mulieri,‘vnum
1524 3463 1525 3494 i

341 3580 461 3644 corpus
484 3559 641 3640 efficitur‚’
655 3563 702 3627 sic
724 3575 838 3630 tamen
859 3573 896 3630 vt
916 3575 1018 3651 caput
1037 3567 1107 3632 eius
1128 3565 1180 3632 sit
1225 3567 1350 3632 Merito
1363 3584 1439 3649 ergo

340 3685 404 3749 pro
419 3684 459 3728 ea
477 3665 724 3731 conueniendus
745 3678 806 3749 est,
825 3668 904 3753 quia
923 3669 1060 3734 ‘mulier
1080 3669 1131 3734 sui
1153 3678 1356 3754 potestatem
1376 3687 1439 3733 non

341 3763 583 3834 habetsetvir.'
615 3767 717 3852 Quod
727 3771 755 3860 si
765 3771 1054 3855 virexeaprolem
1066 3774 1308 3858 susceperit,cui
1317 3772 1440 3838 ratione

341 3872 455 3938 vxoris
476 3870 640 3936 debeatur
661 3870 836 3952 hereditas,
857 3883 901 3953 et,
917 3885 1050 3943 mortua
1072 3877 1139 3943 iam
1162 3897 1277 3955 vxore,
1295 3875 1439 3941 nondum

297 4001 328 4059 ³⁵
342 3975 452 4043 soluta
474 3973 543 4058 regi
570 3974 684 4042 debita
709 3977 850 4062 pecunia
875 3978 984 4058 suerit,
1005 3979 1054 4046 vir
1076 3979 1132 4046 iiie
1158 3979 1291 4047 nomine
1315 3978 1440 4044 heredis
1523 3997 1524 4065 ᾗ

342 4078 589 4148 conueniendus
610 4088 653 4144 et·
665 4080 889 4148 cohercendus
911 4091 972 4160 est,
987 4081 1071 4148 alias
1085 4093 1199 4150 autem
1221 4103 1297 4150 non
1341 4083 1439 4150 Porro

378 4250 550 4310 isemc
685 4264 718 4307 ra
733 4247 1097 4322 postobletnaddfideN
1235 4269 1439 4314 summamsus·

343 4323 495 4389 ceptnmc
563 4323 781 4396 rspostomae
847 4335 880 4394 31
901 4323 1032 4395 capudC
