3086 4822
322 335 365 403 72
691 316 758 384 ns
782 313 1057 385 scaccnrno
1314 285 1345 403 [ι
1360 327 1421 378 vr

322 489 600 575 accipitrariorum
614 487 685 554 siue
700 487 953 556 falconariorum
967 487 1038 554 siue
1052 483 1274 552 bemariorum
1289 485 1332 551 ad
1347 486 1420 552 eius

322 595 466 660 officium
480 601 619 678 spectat,
635 593 663 658 si
678 612 812 678 presens
827 591 934 672 luerit,
949 591 1012 656 nisi
1031 591 1116 655 sorte
1129 589 1280 656 dominus
1294 609 1355 654 rex
1374 592 1419 656 ad

322 699 411 764 idem
427 697 571 782 aliquem
591 695 682 782 prius
700 697 918 782 assignauen’t
935 695 1015 780 quia
1031 694 1292 760 constabularius
1305 715 1328 759 a
1341 713 1422 778 rege

323 822 389 868 non
404 801 498 868 facile
519 810 630 887 potest
651 799 749 866 auelli
772 807 908 885 propter
930 799 1056 864 maiora
1078 807 1113 863 et
1135 799 1239 883 magis
1260 799 1422 883 vrgentia.

296 901 536 996 5[Notandum
565 925 645 970 vero
674 905 766 989 quod
803 901 1013 969 marescallus
1048 903 1201 968 scaccarii
1229 903 1273 968 de
1299 903 1422 968 libera·

322 1009 466 1075 tionibus
482 1008 693 1086 residentium
708 1007 851 1074 militum
866 1007 1004 1090 percipit
1020 1007 1111 1090 quod
1126 1006 1169 1071 ad
1184 1025 1259 1070 eum
1275 1007 1423 1091 pertinet

323 1113 451 1179 ratione
472 1110 572 1178 officii
594 1113 654 1191 sui,
676 1113 719 1178 de
748 1110 1011 1178 commeantibus
1040 1118 1151 1175 autern
1180 1105 1274 1198 non]
1330 1109 1422 1174 item

324 1216 401 1284 huic
422 1236 498 1282 cum
520 1216 592 1282 aliis
612 1217 742 1301 magnis
759 1235 936 1282 commune
958 1225 1009 1280 est
1028 1224 1065 1279 vt
1084 1212 1182 1278 nichil
1201 1233 1355 1298 magnum
1376 1233 1424 1280 eo

323 1321 511 1387 inconsulto
526 1319 595 1384 ficri
611 1321 742 1385 debeat

281 1443 312 1480 ¹⁰
358 1422 773 1492 Camerariorumofficium
782 1420 1427 1505 annexumestofficiothesaurariiquia

325 1548 391 1595 vno
402 1537 436 1594 et
446 1528 565 1593 eodem
572 1537 728 1611 pretextu
737 1526 872 1592 honoris
886 1524 939 1592 vel
948 1525 1111 1609 dispendii
1122 1525 1262 1591 militare
1276 1543 1426 1591 noscun-

323 1643 390 1710 tur,
399 1640 434 1696 et
443 1641 494 1698 est
505 1631 553 1696 eis
567 1631 656 1698 idem
670 1631 757 1696 velle
768 1639 801 1696 et
811 1631 899 1696 idem
912 1628 1000 1696 nolle
1014 1630 1058 1695 ad
1068 1630 1227 1695 honorem
1240 1630 1323 1714 regis
1334 1631 1427 1695 adeo

324 1735 461 1819 vtquod
472 1734 516 1801 ab
530 1755 595 1800 vno
606 1736 728 1802 factum
741 1735 869 1800 fuerita
883 1733 976 1800 nullo
987 1753 1102 1800 eorum
1116 1733 1245 1799 dicatur
1254 1734 1427 1800 iniectum.

324 1838 565 1905 Thesaurarius
590 1839 679 1904 enim
706 1859 767 1922 pro
795 1859 831 1904 se
856 1848 891 1904 et
916 1857 978 1921 pro
1003 1839 1051 1903 eis
1080 1837 1215 1922 suscipit
1245 1848 1427 1922 compotos

283 1962 313 2015 15
326 1951 361 2007 et
375 1944 556 2009 secundum
572 1941 750 2025 qualitates
771 1951 965 2007 exactorum
982 1941 1085 2007 verba
1104 1941 1269 2007 ministrat
1283 1943 1316 2006 in
1341 1944 1428 2007 scri·

288 2057 314 2109 G
327 2055 460 2131 pteram
483 2045 580 2110 rotuli
596 2045 629 2110 in
652 2046 774 2128 quibus
796 2046 953 2112 omnibus
974 2046 1046 2128 pari
1061 2045 1129 2109 iure
1150 2045 1316 2112 societatis
1336 2046 1429 2110 obli-

326 2159 457 2234 gantur,
472 2159 506 2215 et
521 2149 568 2215 sic
584 2151 626 2215 de
640 2149 714 2215 aliis
731 2171 798 2234 que
818 2150 871 2214 vel
891 2148 934 2214 ab
953 2148 1019 2216 hoc
1036 2147 1090 2214 vel
1106 2149 1150 2214 ab
1164 2148 1229 2214 hiis
1246 2150 1337 2216 salua
1355 2149 1429 2215 fide

326 2253 451 2320 domini
474 2253 559 2337 regis
580 2252 666 2317 fiunt
691 2253 760 2320 siue
781 2253 813 2318 ln
838 2253 968 2338 scriptis
990 2253 1061 2318 siue
1086 2254 1120 2318 in
1137 2254 1278 2338 receptis
1296 2253 1365 2319 siue
1392 2256 1429 2319 in

326 2355 422 2423 taleis
436 2355 507 2422 siue
521 2356 554 2418 in
572 2357 737 2439 expensis.

283 2479 315 2519 ιο
371 2459 558 2526 Marescalli
588 2479 667 2526 cura
692 2469 744 2526 est
772 2459 878 2525 taleas
906 2459 1104 2540 debitorum,
1127 2480 1212 2544 quas
1240 2461 1429 2528 vicecomes

327 2562 515 2643 reddiderit,
529 2583 595 2646 que
607 2573 720 2629 tamen
735 2571 935 2629 annotantur
949 2563 984 2627 in
1000 2563 1117 2640 rotulo,
1133 2565 1264 2630 mittere
1277 2585 1431 2630 seorsum

327 2668 360 2734 in
374 2667 482 2735 forulo
504 2689 575 2746 suo,
588 2666 702 2733 breuia
716 2687 849 2752 quoque
869 2667 958 2751 regia
973 2668 1016 2732 de
1035 2669 1264 2750 computandis
1278 2669 1330 2734 vel
1351 2689 1429 2752 per-

327 2773 492 2839 donandis
516 2772 569 2838 vel
592 2773 710 2838 dandis
730 2771 791 2838 hiis
819 2793 886 2856 que
909 2773 1088 2857 exiguntur
1112 2791 1134 2836 a
1158 2772 1349 2838 vicecomite
1367 2795 1431 2858 per

328 2877 627 2943 summonitionem.
671 2875 726 2941 Illi
754 2898 833 2942 vero
859 2874 967 2942 forulo
989 2876 1221 2960 superscriptio
1249 2878 1431 2944 comitatus

285 2999 315 3051 ἐ
330 2982 420 3046 cuius
442 2980 503 3045 hec
525 2990 602 3046 sunt
624 2981 803 3066 apponitur
824 2990 859 3046 et
881 2979 1019 3065 singulis
1044 2978 1256 3046 comitatibus
1278 2981 1429 3065 singulos

329 3090 461 3166 oportet
497 3083 621 3150 forulos
660 3105 682 3150 a
710 3083 904 3150 vicecomite
933 3084 990 3167 qui
1027 3091 1199 3168 computat
1234 3084 1431 3150 marescallo

330 3185 516 3250 ministrari.

373 3287 570 3368 Disciprelus.
615 3288 679 3354 Est
693 3290 747 3354 hic
761 3289 886 3375 aliquid
902 3291 994 3373 quod
1011 3310 1063 3355 me
1082 3299 1201 3356 mouet

373 3390 550 3473 Magister.
596 3390 688 3457 Satis
716 3395 873 3478 presensi.
929 3393 1063 3460 Sustine
1097 3405 1210 3458 tamen
1248 3395 1432 3474 modicum,

286 3514 319 3566 ³0
331 3494 432 3578 plana
453 3495 539 3560 enim
562 3507 658 3561 erunt
680 3498 790 3562 omnia
811 3519 856 3564 ex
879 3498 1164 3581 consequentibus.
1210 3498 1297 3563 Item
1312 3499 1339 3564 si
1354 3501 1432 3582 quis

331 3597 462 3663 debitor
482 3618 548 3662 non
577 3597 777 3664 satisfaciens
798 3601 842 3667 de
873 3602 1131 3667 summonitione
1160 3602 1317 3667 meruerit
1338 3621 1434 3666 com-

332 3699 502 3784 prehendi,
516 3700 592 3765 huic
609 3703 750 3768 traditur
767 3706 965 3784 seruandum
987 3715 1022 3770 et
1038 3705 1148 3772 soluto
1162 3704 1325 3770 scaccario
1343 3704 1434 3772 illius

332 3803 397 3868 diei
421 3804 448 3867 si
472 3802 611 3874 voluerit
639 3805 750 3872 mittet
773 3827 849 3871 eum
875 3808 908 3872 in
930 3828 1094 3876 carcerem
1119 3809 1269 3874 custodie
1290 3808 1435 3892 Publice,

332 3927 400 3973 non
415 3917 526 3974 tamen
541 3908 762 3975 vinculabitur
778 3911 833 3976 vel
848 3911 881 3976 in
897 3913 965 3978 ima
981 3915 1132 3979 trudetur
1146 3923 1196 3978 set
1214 3932 1361 3978 seorsum
1375 3911 1436 3978 vel

286 4035 318 4088 ³⁵
333 4030 433 4095 supra
450 4031 615 4076 carcerem
628 4033 637 4092 ;
659 4012 736 4080 licet
756 4014 844 4079 enim
859 4014 1019 4082 soluendo
1038 4037 1105 4081 non
1119 4017 1163 4080 sit
1177 4025 1290 4081 tamen
1305 4017 1350 4080 ob
1364 4014 1433 4080 hoc

372 4193 423 4248 Μ
441 4181 563 4237 officium
575 4182 635 4238 eius
647 4181 683 4236 N
739 4197 771 4239 12
790 4193 818 4238 et
831 4181 906 4241 idern
918 4185 992 4242 nolle
1003 4202 1056 4240 om.
1069 4187 1097 4240 R
1149 4198 1181 4240 21
1202 4201 1255 4255 que
1268 4193 1364 4240 tamen
1377 4200 1435 4239 rm.

333 4251 361 4306 R
370 4257 424 4321 per
439 4269 573 4308 rasuram
627 4267 660 4322 23
679 4253 861 4325 exigenturR
914 4269 948 4326 32
966 4255 1007 4326 et]
1026 4255 1111 4313 ctiam
1122 4255 1158 4310 N
1207 4267 1241 4325 33
1258 4254 1389 4311 mittetur
1400 4255 1443 4310 N

334 4335 369 4388 34
388 4321 628 4380 inimaNcovv.:
647 4325 774 4382 armaN
