3096 4832
106 317 210 412 11st
451 321 521 388 m:
541 320 814 390 scnccnruo
1122 343 1183 414 133
1282 411 1284 416 s

104 493 210 560 dictum
224 493 471 574 attolluntur,
485 503 520 561 et
533 493 655 560 abhinc
666 493 746 562 fisco
762 494 894 562 cedunt.
938 495 1066 563 Verum
1077 495 1105 564 si
1120 497 1184 565 isa

103 616 157 678 quo
175 597 301 664 tollitur
322 607 533 683 occupatum,
552 607 670 666 auctor
690 609 742 666 est
762 599 850 676 iacti,
872 599 968 666 simul
991 601 1102 680 etiarn,
1119 603 1183 668 nisi

102 702 191 766 rexei
209 703 404 786 pepercerit,
421 703 639 787 pecuniariter
658 703 854 786 grauissime
872 707 1037 789 punietur.
1081 705 1184 791 Quod

101 805 201 871 sinon
223 817 342 872 auctor
367 815 421 872 set
437 806 532 872 berec
558 807 702 874 auctoris
725 808 830 887 luerit,
854 809 898 874 ad
921 829 1042 892 penam
1063 811 1183 875 sufficit

101 907 177 974 fundi
193 910 340 976 eiusdem
359 910 433 976 sola
451 912 630 977 reuocatio.
675 908 733 975 Ex
752 931 821 994 quo
840 931 930 994 sane,
944 913 1030 978 sicut
1047 933 1092 978 cx
1112 913 1210 995 aliis5

99 1012 238 1096 pluribus,
260 1015 349 1100 regis
376 1015 600 1081 misericordia
622 1016 868 1102 comprobatur,
886 1018 967 1081 dum
989 1019 1091 1101 patris
1113 1028 1182 1083 tam

100 1119 225 1183 enormis
239 1139 395 1185 excessus
415 1138 482 1185 non
502 1121 640 1203 punitur
659 1120 694 1184 in
713 1118 793 1200 filio,
810 1120 867 1204 qui
882 1139 986 1204 vsquc
997 1121 1040 1186 ad
1061 1120 1182 1187 iactam

98 1219 325 1305 inquisitionem
350 1222 482 1306 publice
504 1223 680 1309 potestatis
702 1223 830 1291 iactura
855 1224 1035 1290 ditabatur.
1079 1225 1183 1292 Porro

98 1325 234 1390 eschaete
247 1325 349 1411 vulgo
368 1327 524 1393 dicuntur
541 1347 617 1410 quc,
631 1325 869 1394 decedentibus
888 1327 952 1393 hiis
967 1327 1024 1411 qui
1039 1329 1083 1394 dc
1106 1348 1183 1414 rege

97 1433 199 1494 tenent
222 1429 255 1493 in
279 1429 398 1514 capite,
420 1449 496 1496 cum
522 1451 590 1495 non
617 1440 713 1498 extet
737 1431 866 1497 ratione
886 1431 1056 1517 sanguinis
1079 1431 1182 1509 heres,
1197 1457 1228 1496 ιο

97 1532 134 1595 ad
147 1530 256 1599 fiscum
277 1533 480 1599 relabuntur.
538 1535 592 1600 De
612 1533 675 1599 hiis
697 1543 810 1600 autem
830 1535 929 1600 simul
948 1555 1025 1602 cum
1047 1555 1182 1619 propre-

96 1637 183 1700 stun's
205 1638 354 1721 compoti
373 1637 457 1704 fiunt
478 1639 543 1705 sub
564 1659 629 1704 vna
650 1640 810 1725 scripture
831 1641 924 1718 serie,
945 1641 992 1704 sic
1012 1647 1125 1706 tamen
1146 1648 1184 1706 vt

97 1740 283 1825 singulorum
313 1742 450 1808 nomina
475 1762 536 1826 per
560 1743 712 1810 ordinem
739 1743 980 1826 exprimantur.
1024 1741 1075 1809 At
1103 1763 1181 1810 cum

97 1845 314 1925 paterfamilias
336 1845 442 1927 miles,
462 1845 515 1912 vel
538 1847 695 1926 seruiens,
715 1846 759 1914 de
781 1867 859 1930 rege
875 1857 994 1914 tenens
1015 1847 1050 1913 in
1072 1847 1182 1932 capite

96 1946 145 2012 lati
164 1950 273 2016 debita
300 1950 448 2029 soluerit,
469 1950 592 2017 relictis
621 1960 736 2016 tamen
758 1949 870 2018 liberis
893 1971 1033 2036 quorum
1054 1953 1179 2035 primo·
1196 1981 1225 2035 ¹⁵

96 2052 210 2134 genitus
229 2053 337 2119 minor
358 2063 410 2120 est
435 2053 538 2132 annis,
562 2054 711 2121 redditus
736 2054 871 2138 quidem
897 2055 1036 2122 eiusad
1062 2053 1179 2123 fiscum
1256 2063 1257 2068 ’

96 2157 238 2236 redeunt3
260 2158 318 2223 sed
342 2157 530 2224 huiusmodi
556 2177 625 2222 non
647 2157 841 2242 simpliciter
870 2157 1039 2224 ‘escaeta'
1061 2159 1181 2226 dicitur

95 2267 137 2324 set
154 2265 298 2329 ‘sceatta
319 2281 396 2328 cum
418 2259 557 2330 herede!
600 2261 700 2328 Vnde
723 2282 784 2328 nec
806 2261 901 2327 heres
922 2262 967 2328 ab
986 2262 1180 2342 hereditate,

96 2382 146 2428 nec
158 2366 197 2430 ab
211 2366 284 2452 ipso
298 2365 464 2432 hereditas
482 2363 618 2444 tollitur,
633 2376 685 2432 set
705 2363 803 2431 simul
817 2385 893 2431 cum
914 2364 1098 2432 hereditate
1116 2366 1180 2434 sub

95 2469 168 2552 regis
184 2470 335 2539 custodia
350 2469 557 2549 constitutus,
573 2478 726 2553 ternpore
740 2467 911 2554 pupillaris
930 2470 1030 2536 etatis
1044 2468 1088 2536 de
1106 2470 1179 2555 ipsa
1193 2497 1225 2539 ao

97 2568 262 2640 hereditate
281 2593 342 2659 per
361 2573 471 2658 regios
490 2571 647 2639 officiales
666 2581 737 2638 tam
758 2572 828 2659 ipse
846 2591 948 2656 quarn
967 2573 1069 2638 ceteri
1084 2572 1178 2637 liberi

95 2678 261 2742 necesaria
276 2677 486 2764 percipiunt3
508 2685 619 2743 cetera
636 2697 727 2758 vero,
741 2696 807 2760 que
821 2677 865 2742 de
881 2675 954 2761 ipsa
967 2675 1212 2761 proueniunt,c
1258 2737 1264 2752 .

94 2781 176 2864 regiis
189 2781 303 2847 usibus
318 2781 450 2847 cedunt.
488 2780 542 2846 De
557 2779 620 2846 hiis
630 2791 744 2847 autem
758 2799 907 2846 seorsum
922 2779 1069 2863 compoti
1084 2779 1179 2862 fiunt,

94 2885 234 2964 quianon
245 2895 408 2970 perpetuo
419 2895 469 2950 set
478 2884 630 2968 quodam
641 2883 817 2970 temporali
828 2885 899 2951 iure
909 2883 989 2951 fisco
1004 2884 1176 2950 debentur.

93 2983 168 3054 Cum
181 2990 269 3055 enim
282 2988 387 3070 heres,
398 3008 486 3054 nunc
501 2989 618 3070 minor,
628 2987 793 3074 legittime
807 2988 905 3054 etatis
919 2989 1061 3074 adeptus
1075 2988 1176 3054 bene·
1190 3013 1221 3067 ²⁵
1341 3039 1342 3042 ,

92 3087 154 3158 ficia
169 3093 229 3160 sibi
248 3094 384 3178 suisque
403 3093 580 3177 disponere
597 3094 735 3172 nouerit,
756 3092 846 3176 quod
869 3093 939 3158 iure
956 3091 1020 3158 sibi
1037 3101 1177 3176 paterno
1255 3121 1258 3132 ·

91 3194 222 3278 debetur,
237 3217 259 3262 a
280 3195 373 3281 regia
394 3195 617 3263 munificentia
638 3197 803 3280 suscipiet,
825 3197 962 3281 quidam
984 3197 1096 3281 gratis,
1117 3216 1177 3280 per

90 3299 180 3366 solam
200 3299 327 3374 scilicet
349 3299 492 3385 gratiam
514 3300 680 3386 principis,
703 3300 842 3386 quidam
863 3300 1025 3385 promissa
1046 3319 1177 3366 summa

90 3401 196 3487 aliqua,
213 3406 256 3471 de
271 3423 340 3489 qua
353 3423 431 3469 cum
440 3412 621 3489 compotus
636 3404 704 3483 fiet,
715 3404 845 3471 dicetur
859 3403 893 3469 iu
904 3402 1014 3470 annali
1028 3403 1109 3470 ‘Ille
1122 3403 1175 3471 uel

90 3503 135 3568 ille
147 3507 255 3575 reddit
268 3517 465 3592 compotum
479 3508 524 3573 de
538 3527 566 3574 c
581 3507 673 3575 libris
689 3507 732 3573 de
747 3507 870 3574 releuio
885 3517 972 3576 terre
991 3507 1096 3592 patris
1114 3507 1175 3574 sui.
1188 3529 1222 3580 so

89 3605 123 3672 lu
141 3609 293 3678 thesauro
316 3611 379 3677 hoc
401 3619 437 3677 et
458 3610 561 3677 debet
589 3609 673 3677 hoc!
718 3610 773 3678 De
801 3610 866 3677 hoc
892 3619 1007 3677 autem
1028 3610 1116 3678 vltra
1140 3609 1175 3677 in

88 3715 183 3779 annali
206 3723 382 3799 compotus
411 3734 479 3781 non
508 3712 566 3780 fiet
595 3726 673 3780 cum
698 3714 742 3780 ad
767 3712 885 3781 fiscum
913 3714 1081 3800 posthoc
1107 3733 1175 3781 nou

89 3817 196 3884 redeat
238 3819 367 3886 Verum
381 3819 462 3885 dum
477 3819 510 3884 in
526 3837 625 3884 manu
641 3819 728 3904 regis
745 3827 798 3884 est
811 3819 855 3884 de
868 3817 933 3886 boc
950 3819 997 3884 sic
1013 3819 1175 3886 scribetur

89 3916 239 3990 inannali.
289 3921 371 3989 ‘lile
384 3922 571 3988 vicecomes
585 3922 695 3990 reddit
709 3931 904 4006 compotum
919 3923 963 3988 de
977 3919 1072 3986 firma
1087 3921 1174 3988 illius

87 4018 222 4108 honoris
244 4027 273 4094 si
299 4026 427 4094 scilicet
449 4025 587 4094 baronia
611 4035 672 4106 est,
695 4025 756 4092 ‘ln
781 4024 938 4094 maruno
960 4025 1046 4091 hoc:
1069 4023 1117 4091 Et
1138 4025 1172 4088 in
1186 4041 1218 4094 ³⁵

116 4194 277 4267 seiuedem]
291 4195 393 4254 eiusc
460 4196 711 4253 8dctrahaturC:
730 4193 871 4252 ditabatur
885 4196 911 4253 C
918 4210 991 4252 corr
1069 4190 1170 4263 phile]

86 4259 146 4318 islv
196 4267 424 4324 raserieomR
481 4267 642 4326 rtueredc
672 4264 1020 4324 Vndenecheresomi
1082 4275 1171 4336 ipset

86 4336 184 4394 vaR
253 4337 480 4412 3oterrerm.C
548 4335 740 4408 assionaN
