3096 4832
97 299 123 350 ιι
136 280 253 376 xxiiii]
442 286 508 352 DE
553 285 826 355 SCACCARIO
1131 301 1196 373 155

96 459 195 542 sequii
209 457 342 543 prestiti
359 457 413 526 vel
433 457 506 524 solo
526 458 671 526 caritatis
689 459 835 542 intuitu3
858 461 1057 546 quibusdam
1073 470 1197 541 autem,

95 560 162 648 lege
176 561 388 628 condicionis
404 560 558 638 humane,
573 583 633 628 nec
655 583 754 647 prece
768 584 828 629 nec
844 567 955 650 pretio
975 565 1047 632 vult
1058 566 1196 650 adquie-

94 686 186 746 scere,
208 666 427 738 obstautrhus
449 665 615 732 interdum
643 687 757 732 eorum
779 670 914 749 meritis,
942 669 999 753 qui
1027 671 1197 754 possidere

93 780 281 850 noscuntur,
293 768 346 835 vel
357 770 443 836 sorte
454 771 594 853 propriis
602 771 842 853 postulantium
855 773 978 838 meritis
987 793 1197 858 nequaquam

92 873 149 938 hoc
169 874 401 957 exigentibus,
414 873 493 958 quia
513 873 566 940 vel
586 873 622 940 in
643 894 791 958 regnum,
813 874 866 940 vel
888 875 921 940 in
943 895 1055 958 regem
1076 875 1223 958 ipsum,

91 975 212 1061 aliquid
239 977 416 1062 deliquisse
435 977 619 1061 culpantur.
664 978 719 1044 De
741 978 792 1043 his
812 990 925 1046 autem
952 980 1000 1043 sic
1026 978 1196 1044 constituit

91 1099 147 1144 rex
165 1081 309 1164 insignis
328 1090 365 1146 vt
383 1091 564 1164 antequam
584 1090 712 1148 rectum
732 1081 918 1160 habuerint,
936 1081 1000 1147 hoc
1021 1091 1080 1158 est,
1101 1090 1194 1147 ante-

91 1205 188 1267 quam
204 1205 269 1270 per
284 1185 483 1250 sententiam
500 1184 714 1268 obtinuerint,
723 1187 776 1252 vel
791 1207 827 1251 re
840 1185 902 1253 sibi
918 1185 1051 1270 penitus
1064 1185 1195 1250 abiudi-

91 1297 170 1368 cata,
197 1288 247 1354 ab
273 1289 366 1354 omni
391 1309 451 1374 spe
480 1281 666 1369 ceciderint,
691 1291 736 1356 de
761 1289 885 1356 oblatis
914 1288 961 1356 nil
982 1288 1122 1370 soluant,
1143 1299 1195 1355 set

91 1391 230 1458 sufficiat
262 1393 306 1458 de
335 1391 528 1458 huiusmodi
558 1392 790 1460 vicecomitem
816 1392 1025 1477 respondere,
1048 1397 1196 1457 ‘rectum
1209 1419 1241 1458 ιο

91 1497 242 1562 noudum
263 1493 471 1562 habuerunt!
518 1493 697 1563 Prouideat
718 1505 831 1563 tamen
860 1497 1042 1564 vicecomes
1064 1516 1107 1561 ne
1135 1513 1197 1580 per

91 1600 196 1681 ipsum
213 1600 404 1666 debitorem
418 1609 486 1666 stet
502 1599 680 1683 quominus
695 1621 794 1668 causa
809 1599 880 1666 eius
894 1598 1084 1666 executioni
1100 1619 1192 1664 man-

90 1703 185 1769 detur
206 1705 239 1769 si
259 1702 387 1768 scilicet
408 1701 469 1768 iuri
491 1723 528 1768 se
549 1703 633 1770 nolit
657 1704 784 1781 offerre,
802 1714 839 1770 vt
856 1703 919 1771 hac
940 1713 1012 1769 arte
1033 1701 1196 1786 promissa

91 1806 148 1872 sibi
175 1807 323 1892 pecunia
343 1827 405 1872 rex
430 1805 609 1873 fraudetur.
654 1805 740 1874 Cum
770 1807 872 1886 euim
892 1807 956 1874 hoc
985 1789 1194 1890 compertum

92 1907 184 1977 luerit
206 1909 306 1976 dolus
321 1910 352 1978 ei
367 1929 437 1976 non
452 1911 637 1992 subueuiet‚
655 1920 706 1976 set
721 1931 782 1996 per
796 1911 909 1977 omnia
929 1910 977 1977 sic
991 1909 1196 1976 coercebitur
1209 1936 1239 1989 1⁵

91 2015 177 2078 acsi
200 2033 263 2098 per
283 2015 484 2081 sententiam
506 2014 725 2094 obtinuisset3
754 2013 851 2080 huius
876 2023 989 2082 autem
1012 2023 1195 2098 spontanee

93 2115 260 2184 dilationis
278 2127 329 2184 est
347 2118 479 2203 signum
495 2137 575 2184 cum
594 2117 696 2183 breue
713 2117 800 2201 regis
815 2135 918 2199 penes
931 2137 968 2183 se
984 2117 1133 2184 detinens
1153 2137 1194 2183 eo

94 2239 156 2286 non
184 2222 301 2286 vtitur.
362 2219 457 2286 Solet
486 2228 600 2287 tamen
632 2241 708 2286 curn
737 2219 799 2297 his,
830 2221 1006 2288 miserente
1033 2220 1193 2306 principe,

94 2324 203 2390 mitius
218 2325 274 2410 agi
290 2323 348 2407 qui
364 2334 441 2408 post
456 2324 649 2407 promissam
664 2322 839 2410 pecuniam
854 2344 876 2390 a
890 2343 989 2398 causa
1004 2326 1136 2403 cadunt,
1151 2345 1193 2390 ne

92 2445 149 2510 spe
179 2447 244 2494 sua
269 2428 424 2508 frustrati,
449 2429 548 2494 rebus
572 2428 672 2496 etiam
701 2429 772 2494 sine
796 2427 1024 2496 emolumento
1047 2427 1193 2512 spoliati,
1208 2453 1238 2490 ιο

94 2531 215 2617 duplici
231 2532 431 2598 contritione
444 2542 667 2600 conterantur.

132 2634 222 2703 Sunt
245 2637 326 2702 item
349 2636 440 2703 tertii
461 2636 591 2720 generis
612 2635 838 2712 obuentiones‚
860 2653 926 2720 que
950 2655 1017 2702 non
1038 2633 1193 2700 videntur
1208 2647 1304 2709 uiui
1395 2717 1401 2728 ,

94 2759 223 2821 prorsus
250 2741 336 2806 inter
361 2739 476 2806 oblata
504 2739 737 2826 computande,
766 2747 818 2806 set
847 2737 955 2823 magis
980 2735 1120 2804 ‘Fines'
1146 2737 1191 2804 ad

93 2845 293 2910 scaccarium
307 2844 472 2909 dicuntur.
518 2842 605 2911 Cum
615 2843 739 2910 scilicet
754 2843 797 2910 de
810 2863 889 2927 rege
903 2853 1019 2910 tenens
1033 2843 1067 2908 in
1082 2843 1191 2927 capite

94 2945 274 3026 baroniam,
288 2947 404 3014 relicto
418 2947 547 3026 herede,
560 2945 744 3026 decesserit,
755 2955 790 3014 et
805 2947 895 3014 idem
910 2947 1005 3014 heres
1020 2967 1095 3014 curn
1114 2967 1192 3033 rege
1205 2975 1237 3027 ²⁵

93 3051 125 3116 in
138 3071 244 3136 quarn
254 3060 368 3136 potest
381 3071 547 3118 summam
559 3051 925 3136 componit,vtpatemi
937 3051 1015 3118 iuris
1027 3061 1192 3118 mereatur

95 3155 285 3239 ingressum,
299 3175 399 3238 quern
420 3153 520 3220 finem
541 3154 722 3220 ‘releuium
734 3153 742 3183 ’
755 3155 858 3239 vulgo
872 3155 1014 3223 dicimus
1027 3175 1036 3236 ;
1057 3155 1148 3240 quod
1163 3153 1191 3220 si

94 3258 230 3326 baronia
242 3267 304 3337 est,
323 3258 358 3323 in
371 3259 459 3343 regis
473 3268 525 3324 est
537 3258 749 3343 beneplacito
762 3279 829 3345 que
839 3259 961 3326 debeat
975 3280 1046 3326 esse
1059 3278 1192 3325 summa

94 3361 215 3430 releuii.
261 3360 299 3428 Si
320 3381 401 3428 vero
422 3361 466 3428 de
495 3363 648 3430 eschaeta
675 3361 873 3445 fueritque
901 3363 936 3430 in
965 3384 1065 3430 manu
1095 3364 1190 3448 regis,

93 3465 267 3533 deficiente
295 3463 427 3549 herede,
449 3465 502 3532 vel
532 3465 638 3547 aliter,
667 3465 828 3543 inciderit,
860 3487 922 3552 pro
950 3468 1050 3536 {eodo
1079 3468 1191 3534 militis
1204 3493 1238 3545 30

93 3571 185 3638 vuius
205 3569 274 3636 hoc
294 3577 428 3636 tanturn
450 3569 529 3653 regi,
546 3569 680 3638 nomine
701 3569 826 3651 releuii‚
847 3571 964 3651 soluet,
985 3571 1076 3655 quod
1103 3579 1191 3638 esset

93 3693 151 3742 suo
165 3675 307 3741 domino
328 3673 501 3751 soluturus,
515 3673 579 3740 hoc
593 3682 643 3738 est
654 3681 788 3740 centum
801 3673 935 3742 solidos.
978 3673 1065 3741 Sunt
1078 3685 1192 3742 autem

95 3779 148 3862 qui
163 3777 302 3846 credam
315 3797 384 3856 eos,
398 3777 457 3862 qui
476 3777 510 3843 in
524 3776 653 3843 releuiis
667 3777 737 3862 regi
752 3787 907 3844 tenentur
920 3798 982 3846 uec
997 3779 1192 3845 summoniti

95 3881 236 3960 eluunt,
250 3889 513 3966 spontaneorum
527 3881 717 3949 oblatorum
731 3880 862 3967 legibus
875 3882 1041 3948 obnoxios
1054 3890 1100 3962 vt,
1114 3901 1191 3948 cum

95 3987 253 4054 soluendo
274 4005 343 4052 non
370 3985 500 4070 luerint,
522 3995 655 4052 careant
676 3985 871 4070 impetratis.
916 3985 966 4051 At
992 3987 1098 4051 verius
1125 3983 1192 4050 dici
1205 4005 1239 4066 ³⁵.

95 4099 204 4174 potest
222 4097 269 4168 vt,
282 4085 369 4156 sicut
387 4091 432 4158 de
452 4089 648 4174 pecuniariis
669 4089 763 4175 penis
781 4089 830 4173 fit,
843 4089 889 4156 sic
909 4089 969 4156 fiat
989 4088 1032 4158 de
1054 4085 1193 4154 releuiis.

128 4243 313 4316 tquibusN
420 4244 612 4312 7estmN
713 4240 918 4314 9de1durnR
1025 4239 1196 4311 15delusR

98 4326 127 4382 17
145 4314 364 4388 siguummR
414 4313 673 4388 breueJhabereR
754 4328 788 4386 31
807 4315 918 4372 snusR
1000 4309 1200 4384 adsichtlll
