3096 4832
243 291 246 299 ’
335 307 397 394 158
701 305 768 374 DE
791 303 1074 374 SCACCARIO·
1252 303 1397 394 [uxxvi
1413 319 1438 370 u

376 475 572 562 Dircr‘pulus.
607 474 745 558 Dixisti,
755 475 784 544 si
794 475 881 544 benc
895 476 1042 556 memini,
1052 474 1241 560 frequenter
1250 476 1285 542 in
1300 495 1439 542 manum

333 583 420 665 regis
434 581 588 649 baronias
602 580 656 649 vel
670 579 791 646 fundos
807 580 961 649 incidere.
999 581 1132 648 Vellent
1148 581 1258 666 igitur,
1274 581 1301 646 si
1316 581 1439 666 placet,

333 685 526 769 explicares,
535 704 605 768 quo
614 683 732 750 ordine
747 685 897 750 redditus
908 693 1115 752 escaetarum
1127 685 1172 752 ad
1186 683 1303 752 fiscum
1315 703 1439 768 proue-

333 791 433 868 niant,
448 790 476 854 si
492 808 559 854 vno
574 790 678 854 modo
691 788 744 854 vel
760 787 977 854 dissimiliter.

223 859 320 990 ¹¹V¹A¹
375 893 552 975 Magister.
597 891 684 958 Cum
708 891 742 958 in
769 913 905 958 manum
931 893 1018 978 regis
1042 891 1181 959 baronia
1201 890 1254 957 vel
1278 911 1438 974 maguum

332 995 456 1081 aliquid
471 995 607 1074 excidit,
622 996 780 1062 mandato
801 995 872 1062 eius
886 996 939 1062 vel
955 995 1153 1081 presidentis
1167 995 1211 1062 ad
1226 995 1289 1060 bec
1304 993 1440 1064 discreti

332 1101 502 1184 utriusque
522 1101 644 1166 ordinis
657 1099 718 1166 viri
739 1100 946 1186 diriguntur3
970 1099 1028 1184 qui
1047 1098 1180 1184 singula
1199 1097 1439 1184 perlustrantes

333 1204 481 1271 redditus
510 1203 689 1270 eamudern
719 1203 753 1270 in
786 1209 957 1270 summam'
982 1204 1136 1288 redigunt
1165 1211 1199 1269 et
1228 1202 1273 1268 de
1301 1202 1364 1267 hac
1392 1201 1441 1266 ad

332 1307 531 1374 scaccarium
557 1307 662 1374 teneri
687 1306 915 1376 vicecomitem
939 1306 993 1372 vel
1019 1307 1204 1391 quemlibet
1228 1305 1330 1372 alium
1355 1325 1440 1370 con-

289 1413 485 1479 restituunt.
531 1409 744 1478 satisfaciens
764 1412 866 1495 igitur
885 1412 928 1478 de
947 1411 1011 1478 hac
1030 1431 1163 1478 summa
1183 1411 1220 1492 is,
1234 1411 1292 1495 qui
1309 1410 1352 1475 ad
1373 1409 1440 1474 hec

332 1517 534 1582 constitutus
559 1523 618 1594 ost,
640 1515 675 1580 in
700 1514 843 1584 denariis
865 1514 919 1580 vel
940 1514 1095 1580 breuibus
1115 1513 1168 1580 vel
1194 1513 1300 1594 taleis,
1321 1513 1442 1578 subse-

333 1628 458 1703 quente
471 1618 538 1684 fide
559 1619 602 1684 de
623 1616 791 1702 legittimo
811 1628 980 1702 compoto,
996 1628 1140 1684 merctur
1162 1618 1312 1696 absolui;
1338 1620 1442 1684 etde

333 1743 373 1789 ea
398 1723 447 1789 sic
470 1723 631 1790 scribetur
657 1723 690 1788 in
712 1723 833 1799 annali,
853 1722 939 1788 ‘Ille
959 1721 1013 1788 vel
1036 1721 1091 1788 ille
1113 1722 1222 1788 reddit
1241 1732 1440 1807 compotum

334 1828 376 1892 de
391 1827 487 1891 firma
502 1827 637 1892 honoris
650 1825 746 1891 illius.
788 1826 827 1890 In
837 1826 992 1892 thesauro
1006 1825 1083 1907 hoc,
1093 1823 1139 1892 Et
1153 1827 1286 1910 quietus
1299 1824 1367 1892 est'
1385 1825 1442 1892 vel

289 1953 319 2005 ιε
333 1929 399 1998 ‘Et
412 1927 534 1996 debet’
577 1929 704 1997 Verum
722 1948 799 1998 cum
823 1951 883 1995 rex
907 1939 1039 2000 escaete
1061 1949 1122 1995 sue
1150 1929 1336 1998 custodiam
1359 1929 1442 1994 fidei

333 2032 469 2100 alicuius
489 2033 699 2113 commiserit,
725 2042 763 2102 vt
788 2033 945 2102 videlicet
967 2033 1059 2117 quod
1080 2034 1159 2100 inde
1181 2033 1372 2118 prouenerit
1393 2033 1442 2099 ad

332 2136 533 2202 scaccarium
558 2136 677 2218 soluat,
702 2147 780 2222 post
803 2137 930 2208 iactum
955 2147 1151 2221 compotum
1181 2136 1263 2206 fides
1292 2136 1349 2201 illa
1374 2137 1442 2204 sub

332 2241 482 2324 predicto
496 2241 671 2308 verborum
686 2249 801 2308 tenore
815 2261 883 2308 non
897 2242 1040 2322 dabitur,
1050 2243 1155 2308 immo
1169 2242 1259 2326 quod
1275 2250 1442 2324 quantum

332 2344 411 2410 inde
427 2343 480 2410 vel
502 2344 536 2410 in
556 2344 699 2410 denariis
718 2344 772 2411 vel
793 2345 866 2412 aliis
887 2347 1140 2431 quibuscunque
1162 2346 1261 2412 rebus
1282 2344 1443 2429 suscepit,
1540 2379 1541 2392 r

288 2473 320 2511 so
333 2457 472 2531 tantum,
483 2448 665 2516 secundum
676 2469 770 2514 suam
786 2451 1031 2533 conscientiam,
1045 2449 1089 2516 ad
1105 2449 1303 2516 scaccarium
1317 2448 1421 2514 soluit
1433 2472 1443 2526 ;

333 2553 485 2636 exceptis
506 2551 558 2618 his
580 2551 758 2620 dumtaxat
771 2553 970 2622 victualibus
988 2573 1054 2637 quc
1074 2553 1148 2638 ipso
1171 2554 1305 2620 nomine
1324 2553 1444 2618 exeni-

333 2677 427 2724 orum
442 2676 509 2724 non
526 2666 724 2740 procurante
738 2657 802 2723 sibi
817 2656 939 2723 collata
953 2667 1043 2726 sunt.

376 2760 573 2845 Discr'prrlur.
618 2761 651 2826 N
654 2762 792 2847 umquid
806 2771 919 2828 custos
938 2762 995 2829 ille
1012 2763 1056 2830 de
1073 2761 1125 2830 his
1138 2762 1322 2830 redditibus
1335 2761 1445 2828 victui

333 2867 517 2931 necessaria
531 2866 693 2950 percipit?

289 2989 319 3046 ²⁵
376 2966 553 3052 Magister.
608 2969 703 3036 Licet
726 2969 890 3054 scriptum
921 2968 963 3036 sit
991 2971 1080 3036 ‘non
1109 2967 1262 3054 alligabis
1290 2989 1330 3036 os
1358 2969 1443 3034 boui

333 3071 518 3152 trituranti,’
542 3082 656 3139 tamen
683 3072 746 3140 nisi
772 3091 933 3157 expresso
957 3073 1045 3157 regis
1069 3075 1227 3140 mandato
1248 3073 1292 3140 de
1315 3071 1368 3138 bis
1392 3073 1444 3138 nil

334 3174 501 3258 percipiet
546 3175 690 3261 Propriis
710 3177 799 3243 enim
820 3177 1000 3260 stipendiis,
1022 3177 1172 3262 quisquis
1195 3175 1252 3244 ille
1272 3175 1380 3252 luerit,
1404 3177 1442 3240 in

333 3276 384 3345 his
416 3281 486 3361 regi
520 3279 685 3348 militabit
743 3281 797 3346 De
822 3279 1015 3348 huiusmodi
1044 3290 1158 3348 autem
1188 3281 1233 3348 sic
1262 3281 1296 3346 in
1326 3279 1443 3346 annali
1537 3273 1538 3277 ’

333 3379 496 3447 scribetur
524 3381 607 3448 ‘Ille
635 3382 688 3448 vel
718 3383 773 3450 ille
802 3385 911 3452 reddit
939 3393 1135 3468 compotum
1156 3385 1201 3450 de
1228 3384 1322 3452 exitu
1351 3381 1443 3452 illius

289 3515 322 3566 30
333 3481 469 3552 honoris
490 3504 550 3568 per
570 3502 685 3554 verum
706 3487 834 3556 dictum
856 3484 973 3554 suum!

300 3604 322 3653 a
377 3585 465 3656 Cum
490 3587 598 3671 igitur
615 3589 660 3654 de
682 3590 839 3658 omnibus
862 3591 1031 3675 predictis,
1054 3589 1242 3658 constitutis
1267 3589 1320 3660 vel
1345 3610 1444 3658 casu-

334 3689 450 3766 alibus,
476 3691 681 3758 satisfactum
710 3691 808 3760 luerit
836 3707 871 3762 ct
899 3695 1019 3762 fuerint
1047 3693 1179 3780 singula
1204 3715 1264 3782 per
1287 3696 1444 3764 ordinem

335 3795 502 3861 autentice
534 3794 633 3862 rotuli
664 3796 826 3881 scripture
857 3799 1028 3883 deputata,
1057 3801 1250 3868 conuocatis
1285 3800 1446 3868 omnibus
1535 3827 1536 3863 r

335 3897 817 3986 assidentibus,adprincipalis
826 3900 920 3968 firme
930 3913 1124 3987 compotum
1134 3905 1445 3984 consummandum,

290 4003 393 4087 ssqui
416 4003 451 4072 in
473 4021 607 4071 summo
630 4004 729 4072 rotuli
751 4015 930 4074 annotatus
954 4017 1015 4086 est,
1037 4007 1161 4074 reditur
1181 4015 1215 4074 et
1237 4006 1302 4072 hoc
1323 4007 1446 4076 ordine
1503 4091 1507 4100 Ι

376 4190 517 4274 7queN
617 4190 838 4276 mambrem
903 4193 1099 4276 “Empe
1166 4196 1448 4278 mmm
1533 4267 1534 4270 Ἴ

337 4261 476 4401 illul-”2¹
484 4261 876 4392 guarfflirlwmll
949 4279 984 4336 ³³
1002 4264 1123 4348 ’Μ
1201 4277 1235 4337 ³⁵
1254 4265 1447 4326 numum.
1533 4297 1534 4310 r
