3096 4832
108 308 138 360 11
156 293 222 379 xx]
479 295 546 362 DE
568 292 845 362 SCACCARIO
1118 297 1122 306 ’
1149 311 1208 382 151

107 467 227 532 mulier
250 465 325 532 viro
351 485 414 531 suo
437 475 612 550 superstes,
634 466 763 551 prolem
785 465 911 533 habens
933 467 1025 535 etin
1046 469 1212 536 viduitate

106 592 183 636 cum
205 571 276 656 ipsa
297 589 507 654 permanens,
526 572 656 637 ratione
677 568 778 656 prolis
798 571 852 636 cui
876 573 1016 639 debetur
1035 571 1212 653 hereditas,

106 675 339 740 convenienda
354 682 389 740 et
403 674 610 741 cohercenda
624 683 685 759 est,
698 676 746 740 sic
766 685 882 742 tamen
894 686 932 742 vt
950 675 1023 742 doti
1044 676 1114 742 eius
1133 699 1208 764 par·

105 769 305 861 cetur,'quia
326 779 489 861 premium
513 778 648 863 pudoris
670 787 729 844 est.
772 777 873 862 Quod
895 779 935 860 si,
948 778 1068 845 relictis
1090 781 1210 857 liberis,
1347 867 1349 872 ,

104 881 161 946 alii
174 884 248 948 viro
269 883 386 948 mulier
400 883 575 963 adheserit,
590 871 773 969 legittimus
789 883 883 949 heres
901 903 963 969 pro
978 885 1092 950 debito
1107 888 1238 975 patn's5¹

103 986 355 1051 conueniendus
378 995 438 1052 est.
482 986 607 1052 Verum
633 987 661 1050 si
684 986 801 1052 mulier
828 1007 895 1070 que
916 985 1056 1071 deliquit
1082 999 1116 1054 et
1142 991 1210 1075 regi

104 1099 248 1166 tenetur,
264 1089 373 1173 priore
387 1090 459 1155 viro
473 1089 545 1156 sine
558 1088 670 1156 hberis
685 1100 826 1170 mortuo,
838 1091 881 1156 ad
896 1090 999 1156 alium
1010 1111 1047 1156 se
1060 1111 1137 1157 cum
1151 1115 1211 1159 sua

102 1194 295 1260 hereditate
309 1192 514 1258 transtulerit
529 1195 680 1261 debitum
696 1195 767 1261 eius
781 1215 802 1260 a
815 1194 887 1260 viro
902 1195 1136 1278 requirendum
1151 1206 1210 1263 est.

104 1297 186 1364 Hoc
207 1306 259 1362 est
281 1298 381 1383 igitur
395 1298 487 1381 quod
506 1297 619 1382 petisti
642 1300 741 1366 etsie
760 1299 811 1364 vir
829 1317 928 1364 causa
945 1299 1058 1363 vxoris
1075 1309 1109 1366 ct
1123 1321 1210 1366 vxor

102 1421 208 1467 causa
226 1401 289 1466 uiri
319 1401 544 1468 conuenienda
564 1411 625 1468 est.
677 1401 814 1468 Certum
837 1410 950 1467 autem
972 1401 1096 1468 habeas
1117 1405 1208 1487 quod
1223 1432 1256 1470 ιο

102 1525 240 1590 semper
269 1504 452 1589 legittimus
480 1504 585 1584 heres,
614 1504 671 1590 qui
700 1506 845 1572 debitori
875 1507 1033 1584 succedit,
1064 1525 1125 1591 pro
1152 1506 1210 1572 illo

103 1606 356 1674 conueniendus
383 1616 433 1674 eet
457 1615 502 1684 vt,
525 1607 611 1673 sicut
633 1609 668 1672 in
698 1609 972 1685 emolumentum,
994 1609 1042 1674 sic
1068 1610 1103 1675 in
1127 1629 1210 1675 onus

102 1713 234 1778 subeat.
280 1711 379 1778 Solus
399 1720 511 1777 autem
531 1712 732 1797 ascriptitius
751 1723 787 1779 et
806 1713 846 1789 is,
861 1712 919 1794 qui
940 1713 1011 1778 sine
1027 1712 1211 1779 hereditate

101 1801 250 1892 decedit,
265 1815 408 1880 venditis
422 1814 551 1881 catallis
567 1815 645 1896 suis,
659 1837 720 1901 per
737 1825 922 1882 extremam
938 1816 1055 1882 mortis
1068 1817 1175 1882 aleam
1189 1840 1211 1883 a

102 1920 226 1986 debito
241 1918 431 1984 liberantur.
477 1917 556 1984 Non
570 1926 684 1986 tamen
699 1919 742 1984 ab
760 1919 870 1986 annali
885 1919 919 1983 in
938 1938 1005 2002 quo
1021 1920 1254 2002 debitahec15

102 2033 318 2100 annotantur,
340 2022 403 2088 nisi
433 2042 493 2107 per
514 2024 617 2089 breue
645 2024 742 2109 regis,
763 2025 961 2102 auferentur,
987 2043 1063 2089 cum
1085 2024 1210 2090 scilicet

102 2130 149 2194 de
167 2127 234 2191 hiis
254 2147 275 2192 a
293 2125 498 2192 thesaurario
516 2126 584 2211 regi
607 2134 801 2210 suggestum
823 2125 922 2192 suerit
938 2128 1030 2212 quod
1050 2127 1210 2193 inutiliter

101 2233 138 2297 in
160 2231 273 2298 rotulo
292 2230 476 2296 scribantur
494 2251 569 2296 cum
588 2230 680 2295 nullo
701 2239 802 2314 pacto
822 2229 892 2295 heri
914 2231 1022 2315 possit
1039 2240 1075 2296 vt
1093 2232 1137 2297 ab
1157 2231 1209 2302 his

103 2337 225 2400 debita
240 2334 381 2418 pecunia
397 2333 578 2416 proueniat

150 2439 212 2504 Ad
235 2437 295 2504 hec
317 2458 415 2504 nosse
440 2445 474 2503 te
496 2439 652 2504 conuenit
671 2437 762 2523 quod
784 2438 817 2502 in
835 2436 956 2502 debitis
980 2437 1079 2522 regiis
1102 2439 1209 2522 requi·
1222 2414 1284 2527 ’,οἰχ

102 2543 221 2609 rendis
230 2551 263 2607 et
272 2540 477 2609 debitoribus
486 2541 700 2609 cohercendis
710 2540 965 2625 baronumregis
974 2548 1008 2606 et
1016 2549 1210 2620 ceterorum,

100 2649 166 2731 qui
182 2647 305 2731 passim
321 2646 468 2730 pro'suis
486 2646 678 2712 excessibus
698 2645 916 2730 pecuniariter
934 2645 1003 2729 regi
1021 2643 1210 2729 puniuntur,

100 2771 171 2836 par
195 2750 347 2817 condicio
371 2770 438 2815 non
465 2758 524 2816 est.
569 2748 737 2816 Porrode
763 2749 824 2825 his,
850 2749 973 2835 quide
1006 2767 1083 2832 rege
1108 2744 1209 2811 nichil

100 2855 235 2920 habent
249 2856 283 2918 in
299 2853 418 2936 capite,
432 2853 488 2918 lex
503 2853 652 2939 predicta
666 2863 836 2932 sematur3
858 2863 894 2920 at
905 2853 933 2917 si
948 2853 991 2918 de
1002 2871 1081 2936 rege
1093 2860 1210 2915 tenens

100 2958 290 3033 baroniam,
314 2957 427 3022 audita
448 2957 713 3034 summonitione,
732 2955 834 3021 fidem
856 2955 889 3021 in
911 2955 1046 3040 propria
1068 2972 1210 3037 persona
1224 2979 1254 3031 ²⁵

100 3060 162 3126 vel
191 3081 251 3146 per
280 3080 415 3126 manum
445 3058 607 3144 generalis
637 3059 797 3140 economi,
828 3079 928 3143 quem
953 3059 1054 3143 uulgo
1078 3060 1210 3122 ‘senes-

102 3163 250 3232 callum'
280 3165 405 3242 dicunt,
433 3164 467 3227 in
494 3182 628 3229 manum
659 3163 863 3229 vicecomitis
892 3163 1024 3229 dederit
1053 3160 1115 3227 sub
1144 3161 1209 3227 hoc

101 3284 224 3336 tenore
244 3267 430 3346 verborum,
444 3267 535 3350 quod
559 3269 601 3334 de
623 3266 686 3333 hac
708 3287 838 3332 summa
861 3276 895 3332 et
915 3266 1039 3332 dehac
1061 3286 1208 3331 summo-

101 3373 236 3439 nitione
261 3383 437 3455 garantum
461 3373 623 3438 baronum
646 3371 800 3438 scaccarii
823 3371 879 3436 die
900 3371 1048 3455 compoti
1068 3369 1118 3436 sui
1141 3369 1207 3448 fiet,

102 3479 154 3542 sic
168 3475 355 3541 vicecomes
370 3485 545 3542 contentus
560 3475 613 3540 sit.
709 3561 712 3568 .
1222 3480 1255 3552 ³9

150 3578 188 3645 Si
202 3599 282 3644 vcro
297 3579 352 3645 die
367 3579 516 3664 compoti
530 3598 612 3643 voce
629 3578 785 3663 preconia
803 3578 981 3662 requisitus
998 3599 1067 3644 non
1081 3576 1209 3644 venerit
1221 3600 1271 3645 xx

101 3704 167 3750 nec
189 3704 250 3770 per
272 3703 309 3748 se
331 3702 393 3749 nec
414 3702 474 3766 per
494 3683 598 3747 alium
619 3681 824 3762 satisfecerit,
844 3682 1030 3747 vicecomes
1053 3683 1142 3766 quod
1165 3681 1208 3747 ad

99 3791 213 3872 ipsum
223 3786 391 3873 pertinuit,
400 3785 514 3852 secisse
525 3785 733 3852 iudicabitur.
778 3783 889 3851 Causa
898 3806 976 3850 vero
989 3784 1049 3851 hec
1060 3803 1209 3850 seorsum

98 3893 138 3958 in
146 3890 371 3958 memorandis
382 3889 538 3956 scaccarii
548 3899 705 3974 precepto
715 3887 907 3955 thesaurarii
919 3887 1094 3974 diligenter
1106 3907 1209 3952 anno·

100 4007 178 4064 tata
198 3995 235 4060 iu
252 3993 353 4060 finem
374 3992 529 4062 scaccarii
552 3993 783 4074 reseruabitur,
797 3999 834 4058 vt
855 4002 945 4072 tunc,
960 3990 1207 4057 communicato
1223 4009 1253 4061 35

139 4183 286 4257 §debito]
299 4183 395 4242 debite
405 4186 434 4240 R
503 4183 702 4257 fideliquidR
733 4253 739 4266 ⁸
772 4181 1009 4240 8aviroom.N
1074 4192 1106 4264 ¹¹.
1124 4179 1207 4234 heres

96 4257 197 4312 om.R
282 4267 314 4325 17
333 4255 541 4312 debusom.R
631 4254 853 4311 18fienoneN
933 4249 1208 4324 mealtmusnon

101 4327 277 4384 contulimus
359 4326 394 4384 26
410 4343 463 4399 per
473 4343 527 4384 ona
540 4327 567 4382 R
647 4339 682 4396 ²9
699 4323 896 4396 granatumN
973 4320 1032 4392 fiet]
1045 4317 1175 4386 iacietN
