3096 4832
107 353 290 407 carnum.
305 336 352 430 11]
470 341 537 408 DE
560 341 838 411 SCACCARIO
1141 363 1203 432 109

106 534 152 580 cx
163 511 379 597 paucioribus,
391 513 478 580 hidis
489 522 629 582 constat.
673 515 764 581 Hinc
773 513 982 582 hundredum
993 516 1026 582 in
1038 518 1205 586 veteribus

105 634 220 702 regum
249 617 472 702 Anglicorum
501 618 681 704 priuilegiis
707 621 923 686 centuriatam
953 621 1114 687 nominari
1142 623 1205 688 lre·

104 731 244 803 quenter
265 721 426 789 inuenies.
471 722 657 789 Comitatus
679 733 793 790 autem
816 724 932 790 eadem
955 724 1030 811 lege
1056 746 1101 790 ex
1122 726 1206 792 bun·

103 827 214 892 dredis
236 836 411 906 constant3
441 827 505 892 ho'c
528 837 579 893 est
602 828 738 912 quidam
761 827 976 913 expluribus
998 829 1136 912 quidam
1161 851 1206 895 ex

103 930 325 1014 paucioribus,
355 933 537 997 secundum
566 932 658 1016 quod
692 931 800 996 diuisa
829 940 881 996 est
915 941 1003 997 terra
1035 952 1095 1016 per
1119 932 1234 1012 viros5

102 1033 272 1102 dr'scretm.
316 1033 506 1102 Comitatus
527 1035 626 1120 igitur
646 1057 668 1100 a
689 1035 810 1100 comite
831 1036 961 1115 dicitur,
976 1035 1029 1100 vel
1051 1055 1162 1102 comes
1185 1058 1207 1102 a

104 1139 277 1203 comitatu.
320 1136 444 1205 Comes
461 1148 573 1205 autem
589 1149 640 1204 est
659 1139 716 1223 qui
735 1139 867 1204 tertiam
882 1139 1071 1223 portionem
1091 1159 1206 1205 eorum

101 1261 170 1324 qne
190 1241 236 1308 de
261 1241 395 1328 placitis
418 1243 615 1328 proueniunt
645 1243 679 1308 in
701 1243 863 1309 comitatu
885 1242 1034 1327 quolibet
1056 1243 1206 1327 perprit.

104 1344 248 1412 Summa
270 1367 415 1432 namque
437 1347 501 1429 illa,
516 1367 581 1432 que
602 1348 739 1412 nomine
761 1347 857 1412 firme
881 1347 1057 1430 requiritur
1078 1368 1099 1412 a
1119 1347 1208 1412 vice·

102 1450 237 1528 comite,
261 1459 337 1516 tota
362 1471 430 1516 non
453 1451 586 1536 exurgit
611 1471 656 1516 ex
676 1450 854 1518 fundorum
879 1451 1063 1517 redditibus
1088 1460 1140 1515 set
1163 1471 1253 1514 exre

103 1571 230 1638 magna
244 1562 341 1638 parte
361 1555 404 1620 de
418 1555 547 1638 placitis
564 1555 718 1638 prouenit
737 1563 771 1620 et
789 1553 907 1620 horum
927 1553 1060 1620 tertiam
1078 1561 1208 1637 partem

103 1675 221 1722 corneo
236 1657 386 1741 percipit.
431 1658 498 1742 Qui
519 1658 595 1723 ideo
615 1657 661 1724 sic
681 1658 746 1724 dici
763 1657 885 1724 dicitur
903 1658 982 1741 quia
993 1657 1083 1722 -fisco
1101 1655 1209 1722 socius

102 1769 157 1826 est
182 1771 219 1826 ct
236 1779 351 1826 comes
370 1760 405 1824 in
424 1761 652 1846 percipiendis.
698 1762 802 1826 Porro
822 1762 1006 1826 vicecomes
1027 1761 1148 1826 dicitur
1167 1781 1208 1826 co

102 1865 196 1948 quod
211 1863 320 1930 vicem
337 1864 468 1932 comitis
492 1865 647 1951 suppleat
667 1865 701 1930 in
721 1865 852 1949 placitis
870 1863 933 1929 illis
953 1863 1074 1950 quibus
1095 1883 1209 1929 comes

102 1987 224 2034 exsue
238 1967 410 2053 dignitatis
424 1970 551 2036 ratione
566 1968 751 2055 participat.
1223 1995 1252 2048 15

147 2070 349 2154 neumas.
392 2072 567 2159 Numquid
593 2095 638 2140 ex
667 2071 806 2158 singulis
828 2071 1042 2139 comitatibus
1068 2071 1208 2138 comites

103 2173 171 2241 ista
186 2175 399 2259 percipiunt?

147 2278 329 2362 Magister.
372 2281 607 2367 Nequaquam.
652 2279 712 2346 Set
726 2279 773 2345 hii
794 2286 925 2345 tantum
943 2278 1007 2344 ista
1024 2279 1208 2364 percipiunt

104 2383 229 2468 qmbus
244 2403 359 2468 regum
379 2384 604 2453 munificentia
617 2385 768 2468 obsequii
786 2383 915 2468 prestiti
929 2383 983 2449 vel
998 2385 1119 2449 eximie
1132 2405 1209 2468 pro·

105 2487 222 2553 bitatis
236 2487 359 2554 intuitu
382 2491 520 2555 comites
536 2489 600 2556 sibi
618 2500 709 2556 creat
732 2497 767 2556 et
787 2488 916 2555 ratione
937 2487 1108 2572 dignitatis
1123 2486 1209 2552 illius
1223 2517 1255 2553 ιο

104 2590 169 2657 bec
186 2591 387 2658 conserenda
404 2593 560 2670 decernit,
575 2593 775 2678 quibusdam
795 2591 991 2676 hereditarie
1008 2590 1210 2675 quibusdam

105 2695 338 2780 personaliter.

150 2798 300 2864 Rotulus
319 2801 507 2866 exactorius
527 2799 582 2868 ille
601 2811 652 2868 est
672 2801 706 2866 in
726 2820 794 2885 quo
816 2797 969 2864 distincte
986 2797 1066 2864 satis
1084 2805 1118 2862 et
1138 2795 1210 2861 dili-

108 2911 230 2986 genter
247 2912 451 2969 annotantur
467 2903 562 2971 firme
582 2905 756 2990 regisque
777 2924 821 2968 ex
843 2901 979 2986 singulis
1001 2899 1211 2968 comitatibus

108 3017 290 3092 exurgunt.
313 3008 405 3074 cuius
426 3029 558 3075 summa
580 3009 680 3075 minui
702 3008 837 3093 quidem
860 3027 928 3072 non
949 3014 1059 3091 potest
1082 3013 1133 3071 set
1153 3025 1212 3090 per
1225 3035 1255 3089 ²5

105 3129 286 3194 operosam
300 3111 499 3178 iustitiarum
515 3114 721 3200 diligentiam
737 3111 925 3195 frequenter
939 3119 1090 3194 augetur.
1144 3109 1212 3174 Re·

110 3213 279 3298 liquorum
309 3217 401 3294 ratio,
431 3217 555 3285 scilicet
583 3217 755 3284 annalium
780 3215 975 3296 rotulorum,
998 3224 1032 3281 et
1069 3212 1211 3280 aliorum

106 3337 253 3404 quorum
277 3339 377 3404 supra
403 3321 613 3387 meminimus
639 3341 706 3406 quc
734 3321 768 3386 in
792 3319 948 3386 thesauro
973 3328 1051 3384 sunt
1075 3327 1111 3384 et
1134 3319 1212 3383 inde

106 3441 176 3488 non
195 3423 366 3503 recedunt,
387 3445 432 3490 ex
454 3425 611 3510 predictis
640 3425 722 3492 satis
746 3425 862 3509 liquet.
907 3422 1027 3489 Restat
1053 3422 1155 3507 igitur
1174 3431 1213 3487 vt

107 3525 154 3590 ad
169 3526 311 3592 maiores
326 3537 360 3594 et
375 3529 482 3615 magis
495 3531 695 3596 necessarias
718 3529 940 3594 institutiones
959 3525 1111 3594 scaccarii
1134 3545 1211 3592 con·
1225 3555 1258 3607 30

107 3639 288 3712 uertamur,
311 3631 346 3695 in
373 3633 495 3717 quibus
515 3641 553 3699 vt
575 3633 761 3717 predictum
785 3641 837 3698 est
864 3631 1081 3696 excellentior
1104 3639 1155 3696 cst
1178 3637 1213 3695 et

108 3733 222 3800 utilior
236 3742 271 3801 et
286 3754 308 3800 a
321 3733 471 3820 pluribus
485 3736 642 3803 remotior
657 3737 810 3804 scaccarii
826 3734 972 3800 scientia.

138 3866 308 3960 [Explicit
323 3873 407 3940 liber
421 3875 559 3959 primus.
604 3874 773 3961 Incipiunt
787 3871 933 3958 capitula
947 3871 1083 3940 secundi
1099 3869 1182 3937 libri.

156 3991 183 4058 1.
206 3993 265 4058 Ex
277 3994 400 4077 quibus
412 4003 447 4062 et
461 3995 604 4079 qualiter
614 4005 649 4062 et
663 3996 707 4062 ad
722 3993 803 4080 quid
815 3993 900 4060 fiunt
914 3991 1198 4058 summonitiones.

156 4095 203 4162 11.
228 4095 307 4181 Que
323 4097 367 4163 sit
381 4096 569 4166 differentia
583 4098 878 4165 summonitionem
889 4097 1060 4182 vtriusque
1073 4092 1213 4160 termini.
1227 4118 1260 4169 35

147 4231 375 4318 neoqnpns
422 4233 723 4320 rssuMagr'srneroncR
771 4230 985 4288 committed(
1027 4223 1213 4310 adipsticiar’

106 4301 176 4433 iffi
189 4313 384 4434 bustrcrarrnm
395 4304 443 4362 N:
466 4315 676 4364 rustitianonun
687 4305 875 4363 aetermam
929 4316 964 4371 34
981 4309 1011 4358 et
1022 4299 1142 4372 qualiter
1147 4299 1216 4366 post
