3096 4832
357 289 398 356 rr
727 289 794 356 ns
817 285 1089 358 scnccnmo
1334 281 1432 378 [re]

354 465 529 552 pecuniam
552 461 632 530 fisco
652 464 775 531 debere
800 464 925 542 cedere,
947 462 1012 528 nisi
1032 463 1116 530 sorte
1137 459 1216 527 noui
1233 460 1299 526 sint
1322 471 1354 527 et
1375 479 1434 526 non
1521 519 1522 554 ,

354 569 485 636 usuales
505 567 641 646 denarii,
662 587 804 652 quorum
828 567 929 634 etiarn
953 565 1187 652 superscriptio
1210 585 1304 631 suum
1327 566 1435 649 probat
1521 559 1522 636 Ξ

355 684 536 740 auctorem.
580 672 675 738 Tunc
697 672 786 738 enim
807 671 898 737 idem
920 672 1125 738 monetarius
1146 689 1244 754 super
1264 689 1359 756 opere
1382 687 1435 732 suo
1521 669 1522 700 ⁴

356 777 502 844 districte
539 777 752 844 conuenietur
781 785 815 842 et
845 775 975 862 legibus
1004 774 1193 842 constitutis
1228 773 1296 839 sine
1323 773 1436 839 iactura

327 880 557 956 rvicecomitis
587 879 864 947 condemnabitur
892 879 944 945 vel
967 879 1170 946 absoluetur.
1214 875 1314 961 Quod
1337 876 1362 941 si
1385 895 1436 960 per

355 985 636 1050 examinationem
653 983 802 1069 probatis
822 992 856 1049 et
878 985 1063 1070 reprobatis
1085 982 1238 1064 denariis,
1254 979 1444 1046 monetarius·

356 1087 620 1173 condempnatus
636 1099 670 1154 et
685 1088 820 1172 punitus
838 1087 944 1164 suerit,
961 1083 1118 1176 [denarii]
1134 1109 1157 1153 a
1171 1085 1279 1152 fusore
1299 1082 1437 1150 scaccarii
1521 1095 1522 1146 ζ

356 1193 563 1278 presentibus
588 1191 662 1258 aliis
686 1192 784 1257 huius
813 1191 895 1257 artis
918 1191 1033 1276 peritis
1061 1191 1229 1278 redigetur
1253 1190 1286 1254 in
1310 1207 1437 1254 massam
1521 1201 1522 1232 l

358 1305 394 1362 et
419 1296 551 1381 pondus
574 1297 643 1361 eius
668 1295 855 1362 vicecomiti
877 1295 1133 1382 computabitur.
1179 1291 1319 1385 [Verum
1342 1301 1439 1358 totum

315 1419 347 1458 10
358 1401 422 1468 hoc
438 1421 524 1485 pene
539 1419 626 1466 nunc
640 1399 803 1466 abolitum
814 1409 866 1465 est
882 1409 918 1466 et
930 1399 1072 1466 multum
1087 1399 1289 1484 relinquitur,
1299 1395 1438 1480 quoriam

359 1505 394 1572 in
412 1513 545 1571 moneta
566 1503 763 1590 generaliter
784 1514 941 1588 peccatur
961 1503 1005 1570 ab
1027 1503 1193 1570 omnibus.
1237 1501 1321 1570 Cum
1340 1508 1439 1565 autem

359 1608 564 1676 addebitum
573 1616 608 1673 et
618 1607 693 1692 lege
704 1608 961 1674 determinatum
972 1609 1110 1674 modum
1120 1615 1256 1674 moneta
1263 1601 1441 1690 peruenerit,

362 1712 530 1799 primitiue
566 1711 810 1778 constitutionis
849 1712 958 1796 legem
995 1711 1165 1778 obseruari
1201 1729 1330 1776 necesse
1363 1699 1440 1790 erit]

325 1821 353 1874 K
365 1815 533 1884 Contrasi
555 1815 628 1899 quis
648 1816 833 1882 vicecomes
854 1835 1009 1882 nummos
1027 1814 1197 1882 attulisset
1218 1831 1352 1898 quorum
1370 1809 1442 1875 libra

318 1951 350 2003 ¹5
364 1920 538 1986 combusta
553 1919 598 1985 ad
613 1939 642 1983 v.
658 1919 711 1984 vel
727 1919 781 1984 iiii
797 1919 849 1986 vel
872 1919 956 1984 inira
973 1941 1009 1986 se
1023 1918 1204 1998 cohiberet,
1219 1928 1253 1983 et
1271 1916 1441 1982 viderentur

363 2025 407 2091 de
429 2042 519 2089 nouo
543 2021 621 2087 sacti
648 2043 714 2088 non
739 2023 869 2090 usuales
896 2023 951 2089 vel
972 2022 1119 2102 cursorii,
1141 2022 1242 2088 simili
1264 2021 1361 2086 modo
1384 2035 1441 2083 nun

363 2127 515 2213 legittimi
540 2126 734 2193 dicebantur
762 2127 856 2212 quasi
878 2128 1079 2194 excedentes
1106 2125 1218 2212 legem
1243 2139 1442 2196 communem,

361 2233 498 2299 undeet
515 2229 657 2298 infiscari
677 2240 831 2315 poterant
846 2231 930 2298 sicut
948 2242 982 2297 et
1001 2229 1067 2296 alii.
1113 2229 1205 2297 Item
1222 2238 1299 2294 sunt
1312 2229 1353 2292 ad
1365 2241 1443 2292 scac-

363 2335 487 2402 carium
509 2334 719 2401 liberationes
748 2335 927 2400 constitute
956 2355 1021 2418 que
1049 2335 1186 2401 statutis
1214 2331 1358 2399 terminis
1383 2328 1443 2392 sine
1521 2413 1522 2416 Ἴ

318 2438 457 2507 sobreui
474 2437 751 2523 regissoluuntur.
797 2429 1444 2522 Qualisestliberationaucleri,custodis
1521 2489 1522 2532 ,

363 2543 489 2610 scilicet
504 2543 596 2608 nauis
611 2543 701 2628 regie
715 2563 816 2626 quam
832 2563 1002 2608 esneccam
1016 2541 1165 2616 dicimus,
1181 2543 1240 2626 qui
1255 2541 1312 2606 xii.
1323 2533 1445 2624 percipit

363 2667 496 2733 quaque
513 2647 578 2714 die.
637 2647 691 2712 De
711 2667 777 2730 qua
796 2656 830 2712 et
847 2646 1074 2712 consimilibus
1095 2647 1183 2712 talee
1206 2645 1290 2711 fiunt
1312 2665 1331 2710 a
1349 2657 1445 2707 came·
1521 2669 1522 2704 r

364 2752 456 2818 rariis
469 2752 549 2836 quia
562 2751 606 2816 de
620 2749 683 2815 hiis
697 2751 812 2816 breuia
829 2769 895 2815 non
911 2749 1045 2816 habent.
1099 2749 1200 2815 Miles
1215 2760 1327 2816 autem
1341 2761 1444 2828 argeu-

363 2857 465 2922 tarius
479 2857 597 2922 horum
618 2864 751 2921 recauta
769 2853 873 2921 habet
890 2855 990 2922 idest
1008 2853 1237 2921 contrstaleas
1284 2851 1348 2918 Hic
1362 2843 1445 2913 simul

320 2984 351 3038 ²5
365 2968 398 3024 et
413 2959 504 3026 fusor
523 2957 631 3044 rogati
649 2979 671 3024 a
690 2959 876 3024 camerariis
894 2978 973 3023 cum
993 2977 1127 3025 necesse
1146 2957 1246 3023 suerit
1266 2967 1301 3023 et
1320 2952 1446 3039 plurima
1521 2957 1522 3006 l

364 3064 476 3129 delata
491 3062 628 3146 pecunia
639 3061 793 3148 opprimit
805 3070 1060 3146 computatores,
1072 3062 1188 3128 iuuant
1202 3081 1261 3127 eos
1276 3061 1309 3125 in
1323 3074 1447 3139 compu·
1521 3137 1522 3158 ,

364 3168 502 3234 tatione.
545 3165 779 3233 Voluntarium
798 3175 911 3232 tamen
930 3175 981 3232 est
1000 3164 1065 3231 hoc
1084 3165 1131 3231 eis
1147 3185 1216 3232 non
1235 3160 1472 3231 necessarlum.w
1521 3161 1522 3226 l

366 3269 423 3334 Sic
438 3269 542 3334 habes
557 3269 668 3335 militis
683 3269 860 3354 argentarii
876 3271 972 3335 simul
987 3279 1022 3336 et
1036 3268 1156 3336 lusoris
1166 3269 1291 3335 officia
1521 3289 1522 3308 *

407 3371 605 3455 Discrbulus.
647 3372 724 3458 Que
738 3383 816 3438 sunt
830 3373 926 3458 signa
940 3372 1018 3439 iacti
1033 3373 1086 3439 vel
1101 3373 1211 3438 iniecti
1226 3368 1407 3438 exarninisi

320 3497 354 3548 30
409 3475 585 3558 Magum.
629 3475 709 3543 Non
729 3475 809 3544 satis
829 3477 917 3556 noui,
931 3477 1010 3560 quia
1031 3497 1091 3543 nec
1106 3476 1265 3543 sollicitus
1284 3493 1381 3558 super
1396 3468 1449 3535 hiis

365 3578 419 3654 lui,
444 3599 557 3644 verum
583 3580 741 3664 quamdiu
764 3601 864 3664 super
890 3581 956 3646 iam
981 3579 1144 3665 liquidum
1167 3589 1343 3665 argentum
1367 3574 1451 3657 nigra
1521 3625 1522 3646 r

365 3683 509 3767 quedam
531 3681 694 3750 nubecula
715 3684 914 3750 circumferri
936 3684 1145 3769 conspicitur,
1160 3684 1316 3750 iniectum
1335 3678 1450 3746 dicitur.

364 3787 416 3852 At
431 3805 506 3852 cum
521 3787 665 3870 quedam
680 3787 775 3871 quasi
789 3809 892 3872 grana
907 3789 1036 3855 minuta
1054 3788 1097 3854 ab
1112 3789 1180 3853 imo
1197 3788 1401 3854 deducuntur
1413 3777 1451 3845 ad

365 3910 534 3956 summum
548 3899 583 3956 et
598 3889 663 3957 illic
677 3891 903 3960 dissoluuntur
916 3893 1050 3976 signum
1065 3903 1118 3960 est
1133 3892 1326 3959 examinati.
1521 3883 1522 3912 ¹

403 4042 416 4083 1
431 4024 1064 4113 poricedereqddverumlr'neaeubducgali
1119 4028 1302 4116 ‚sprodatR
1353 4021 1452 4096 price·
1521 4005 1522 4066 l

366 4097 861 4246 tltitdttltssbn
874 4112 891 4168 ⁷
904 4099 1188 4243 dimittit
1257 4097 1452 4240 ,illiciti
1521 4149 1522 4214 r

365 4239 518 4322 menetai?
579 4250 619 4321 ,15
633 4235 759 4308 ad]aN
824 4237 954 4320 v.]vj7R
1026 4240 1280 4368 17qwffqubc
1351 4248 1452 4308 190011·

365 4309 695 4368 stututelrberacrouesC
762 4323 797 4366 22
814 4311 958 4367 etomN
1024 4317 1058 4371 28
1077 4329 1131 4370 sim
1171 4312 1272 4370 ΜΝ
1521 4337 1522 4346 ¹
