3096 4832
359 341 423 404 114
726 319 793 387 DE
816 318 1087 388 SCACCARIO
1339 315 1380 408 [11
1394 320 1437 385 ic

356 503 391 559 et
409 492 473 558 hiis
489 493 613 559 taxatis
633 514 653 557 a
674 489 852 568 maioribus
869 491 901 556 in
918 489 1229 557 summonitionibus
1243 497 1438 556 annotantur.

356 595 488 680 Quibus
513 617 572 681 per
597 597 746 662 ordinem
772 596 909 680 digestis
938 596 1133 661 terminatur
1157 595 1365 660 summonitio
1386 615 1440 676 per

354 700 416 764 hec
427 699 528 766 verba
543 707 594 765 ‘et
605 698 666 765 hec
679 698 791 764 omnia
802 709 913 765 tecum
925 699 1049 765 habeas
1063 700 1095 764 in
1109 699 1251 764 denariis
1262 708 1295 764 et
1305 697 1399 763 talliis
1409 707 1438 761 et
1519 687 1520 692 ’

354 804 511 869 breuibus
527 812 561 869 et
583 803 770 888 quietantiis
790 802 843 868 vel
864 802 1037 887 capientur
1056 805 1100 868 de
1120 801 1216 868 firma
1237 811 1304 867 tua.
1347 801 1439 865 Teste
1519 793 1520 798 ’

325 905 411 986 5illo
422 907 475 972 vel
485 907 543 973 illo
553 907 598 972 ibi
609 907 651 972 ad
664 902 882 972 scaccarium!
918 903 1080 996 [Fuerunt
1090 915 1205 971 tamen
1216 905 1272 988 qui
1283 904 1440 968 crederent
1519 941 1520 946 κ

355 1011 532 1076 dicendum
548 1011 581 1074 in
597 1010 750 1092 denariis,
761 1005 814 1074 vel
824 1007 933 1086 talliis,
943 1009 997 1074 vel
1008 1009 1177 1088 breuibus,
1187 1009 1240 1074 vel
1254 1007 1440 1092 quietantiis,
1519 1065 1520 1082 ς

355 1103 422 1178 ¹non
453 1111 677 1197 intelligentes
700 1112 818 1192 †vel†
848 1113 1049 1195 quandoque
1074 1111 1333 1178 subdisiunctiue
1360 1109 1440 1194 poni.

355 1217 531 1300 Superflua
545 1226 658 1282 tamen
670 1225 720 1281 est
736 1207 926 1281 huiusmodi
940 1215 984 1280 de
998 1216 1108 1281 verbis
1123 1215 1295 1282 contentio
1316 1233 1386 1279 cum
1401 1213 1439 1276 de
1519 1215 1520 1218 ’

353 1340 469 1386 eorum
484 1319 653 1385 intellectu
664 1319 858 1385 constiterit.
904 1319 984 1385 Siue
1005 1320 1094 1384 enim
1111 1319 1236 1385 dixeris
1251 1318 1303 1383 ‘in
1311 1316 1440 1382 denariis

310 1445 341 1487 10
353 1425 407 1490 uel
425 1423 580 1488 breuibus
604 1424 656 1488 vel
673 1421 881 1507 quietantiis’
906 1421 959 1487 vel
974 1424 1030 1487 ‘in
1044 1423 1190 1488 denariis
1204 1432 1238 1487 et
1249 1421 1396 1488 breuibus
1410 1429 1440 1481 et
1519 1489 1520 1496 ,

353 1525 562 1610 quietantiis,'
585 1527 673 1591 idem
691 1536 742 1591 est
761 1525 958 1606 intellectus,
971 1536 1009 1591 ut
1026 1526 1153 1592 scilicet
1171 1525 1204 1590 in
1223 1525 1284 1590 hiis
1299 1523 1440 1590 omnibus
1519 1547 1520 1592 w

352 1631 407 1695 vel
429 1651 542 1696 eorum
564 1629 729 1714 aliquibus
749 1628 890 1695 satisfiat
910 1630 952 1695 de
970 1629 1035 1694 hiis
1053 1650 1120 1714 que
1142 1631 1176 1695 in
1200 1628 1441 1695 summonitione
1519 1635 1520 1640 ’

353 1728 585 1822 continentur]
633 1735 796 1812 preterea,
808 1735 887 1818 quia
896 1734 993 1798 nouis
1005 1735 1131 1799 morbis
1143 1754 1203 1818 per
1212 1753 1298 1798 noua
1309 1730 1440 1797 remedia
1519 1715 1520 1758 ³

353 1839 449 1904 decet
464 1836 637 1914 subueniri,
653 1839 805 1902 additum
826 1836 890 1902 suit
908 1835 942 1900 in
963 1837 1278 1904 summonitionibus
1297 1836 1356 1900 hoc
1370 1835 1438 1897 sub·
1519 1817 1520 1830 ¹

310 1943 515 2026 15scriptum
542 1964 586 2008 ex
612 1940 743 2008 nouella
769 1942 1013 2016 constitutione,
1037 1941 1101 2008 hoc
1126 1952 1180 2008 est
1202 1951 1279 2026 post
1302 1950 1439 2022 tempora
1519 1969 1520 2026 3

353 2047 440 2129 regis
457 2045 591 2111 Henrici
608 2046 715 2128 primi,
737 2043 859 2128 ‘Quod
876 2045 904 2110 si
919 2045 1005 2110 sorte
1019 2043 1063 2110 dc
1080 2044 1220 2110 alieuius
1235 2044 1347 2110 debito
1361 2061 1440 2106 sum·
1519 2069 1520 2122 3

355 2150 501 2213 monitus
515 2170 552 2213 es
574 2149 629 2232 qui
649 2159 770 2215 terram
789 2147 842 2212 vel
858 2147 977 2213 catalla
997 2145 1187 2214 nonhabet
1206 2148 1241 2213 in
1260 2147 1365 2214 baillia
1382 2154 1441 2218 tua,

356 2260 390 2316 et
406 2253 536 2316 noueris
549 2254 581 2317 in
593 2254 685 2318 cuius
697 2251 810 2319 baillia
820 2251 874 2316 vel
888 2252 1047 2318 comitatu
1063 2251 1230 2330 habuerit,
1240 2261 1276 2316 tu
1288 2253 1354 2334 ipse
1364 2248 1440 2313 vice·
1519 2277 1520 2280 ¹

355 2357 470 2422 comiti
487 2355 542 2436 illi,
553 2355 607 2442 vel
627 2356 760 2434 balliuo,
777 2377 835 2440 per
857 2358 957 2421 breue
971 2365 1068 2421 tuum
1079 2355 1143 2420 hoc
1160 2356 1270 2440 ipsum
1285 2350 1442 2439 significes,

311 2459 525 2525 aodeserente
549 2459 629 2526 illud
656 2459 767 2543 aliquo
792 2481 814 2525 a
843 2468 877 2524 te
901 2461 1013 2541 misso,
1039 2460 1097 2543 qui
1123 2460 1154 2524 ei
1179 2463 1280 2525 breue
1302 2469 1390 2524 tuum
1413 2456 1443 2517 in

315 2577 342 2628 D
357 2564 527 2642 comitatu,
540 2565 569 2628 si
592 2573 712 2650 potest,
727 2564 780 2630 vel
803 2583 916 2630 coram
938 2563 1088 2648 pluribus
1110 2562 1251 2629 liberet?
1296 2563 1367 2628 Hec
1386 2579 1443 2642 que
1519 2595 1520 2644 3

355 2671 565 2755 prediximus
589 2688 756 2754 apponere
778 2667 954 2733 ridiculosa
975 2669 1057 2734 satis
1081 2677 1116 2732 et
1137 2667 1350 2753 dispendiosa
1372 2684 1444 2748 quo-
1519 2655 1520 2730 ξ

356 2775 497 2840 tundam
526 2772 728 2854 subterfugia
753 2771 997 2855 compulerunt.
1042 2769 1188 2856 Cognito
1218 2773 1308 2838 enim
1337 2769 1471 2852 quibus‘

357 2878 587 2944 determinatis
597 2876 804 2960 temporibus
814 2876 1090 2942 summonitiones
1107 2876 1351 2952 emittebantur,
1362 2883 1443 2936 ante·

314 3004 345 3056 ²⁵
358 3002 459 3065 quam
475 2982 678 3064 peruenisset
693 2981 736 3044 ad
752 2981 946 3046 comitatum
966 2980 1182 3046 summonitio
1198 2981 1243 3046 de
1259 2979 1370 3045 debito
1383 2995 1444 3050 suu,
1519 2979 1520 3038 J

358 3085 508 3149 vacuatis
528 3084 653 3150 horreis
673 3093 707 3148 et
725 3085 874 3166 pecuniis
896 3084 963 3147 suis
985 3103 1184 3167 quocunque
1208 3083 1274 3149 sibi
1295 3079 1446 3147 distractis
1519 3089 1520 3172 J

358 3186 412 3252 vel
438 3188 482 3251 ad
506 3188 578 3251 loca
603 3197 678 3251 tuta
703 3187 879 3264 translatis,
906 3207 1029 3252 vacuus
1052 3188 1086 3251 in
1108 3189 1213 3252 domo
1237 3206 1298 3251 sua
1315 3183 1446 3249 residens

359 3291 560 3354 vicecomitis
589 3301 623 3355 et
655 3301 837 3356 ceterorum
868 3291 1057 3355 officialium
1090 3310 1225 3355 securus
1260 3285 1446 3373 expectabat
1519 3289 1520 3342 ἓ

359 3393 553 3470 aduentum,
568 3404 602 3458 et
622 3392 684 3457 hac
705 3404 776 3458 arte
798 3393 946 3479 plurimis
964 3394 1059 3458 annis
1080 3393 1170 3476 regie
1190 3385 1446 3458 summonitionis
1519 3379 1520 3446 ἶ

315 3521 347 3573 30
360 3497 540 3562 auctoritas
561 3518 628 3561 uon
650 3499 721 3562 sine
745 3498 921 3582 dispendio
942 3498 1117 3563 videbatur
1139 3497 1246 3563 illudi.
1292 3496 1353 3561 Ille
1371 3493 1447 3557 enim
1519 3479 1520 3544 ξ

359 3601 403 3666 ad
427 3621 526 3683 quem
548 3621 624 3664 cum
643 3599 853 3666 facultatibus
875 3603 952 3682 suis,
975 3611 1084 3666 metus
1103 3600 1200 3666 huius
1221 3620 1329 3678 causa,
1350 3607 1447 3662 trans·

360 3704 452 3781 ierat,
467 3723 542 3768 cum
558 3704 637 3768 inde
652 3703 847 3769 mandatum
868 3725 934 3770 non
949 3706 1096 3785 haberet,
1107 3706 1140 3769 in
1156 3724 1208 3770 res
1230 3723 1308 3769 suas
1323 3715 1447 3766 manum

275 3887 277 3892 ¹
360 3808 492 3874 mittere
521 3827 587 3873 non
616 3809 838 3892 presumebat.
896 3808 973 3874 Hac
1002 3829 1083 3893 ergo
1108 3806 1368 3874 consideratione
1395 3819 1447 3887 per

359 3977 553 4106 ,aulul
621 3979 1269 4120 alililttuuttutttzalumi,
1285 3976 1447 4103 illut&
1519 4063 1520 4074 κ

357 4121 574 4204 ...hiisorrr.R
614 4133 692 4203 ΙΙ15
710 4119 895 4191 postlperN
971 4135 1002 4188 17
1021 4121 1247 4202 habetMadox:
1265 4111 1446 4174 habemcodd
1519 4163 1520 4168 ,

361 4193 394 4247 18
407 4197 474 4274 post
487 4201 643 4247 vueecomutr
655 4191 719 4246 ada
732 4207 787 4262 que
801 4193 825 4246 C
933 4205 968 4246 22
986 4192 1158 4262 producimus
1169 4192 1229 4246 NR
1333 4203 1367 4254 24
1384 4195 1446 4266 tem·
1519 4217 1520 4224 2

357 4264 472 4332 poribus
483 4279 536 4318 om.
548 4263 608 4318 NR
695 4260 730 4316 26
748 4261 931 4317 districtisN
1011 4275 1045 4328 27
1065 4260 1137 4335 tuta]
1150 4261 1239 4319 suaC
1324 4252 1446 4314 vamuR
1519 4263 1520 4336 l

356 4347 393 4402 30
410 4331 494 4388 elludi
508 4333 544 4389 Ν
618 4346 651 4404 31
672 4349 758 4391 causa
769 4333 895 4391 Madox:
914 4347 1000 4390 cause
1011 4331 1086 4389 codd.
1519 4341 1520 4344 ’
