3096 4832
138 301 270 395 trita]
515 303 583 372 DE
604 302 879 374 SCACCARIO
1206 325 1245 394 91

136 476 245 541 etiam
273 473 359 542 libre
381 473 539 558 ponderis
561 472 800 558 respondentes
822 472 984 552 soluisset,
1006 487 1248 562 consequenter

135 577 258 644 libram
277 577 434 644 soluisset
448 585 648 662 argenteam.
693 576 829 643 Poterat
843 579 932 644 enirn
942 597 1045 664 cupro
1059 580 1113 646 vel
1127 581 1246 666 quouis

135 701 194 746 ere
209 684 355 748 mixtam
374 681 523 760 soluisse,
537 700 615 748 curn
635 700 702 745 non
718 680 811 746 fieret
826 683 1039 748 examinatio.
1082 683 1131 751 Vt
1146 686 1246 772 igitur

133 787 229 870 regie
250 783 348 851 simul
375 794 410 850 et
433 783 566 870 publice
591 784 821 868 prouideretur
842 786 988 868 utilitati,
1008 785 1124 854 habito
1146 809 1246 878 super

133 887 203 956 hoc
231 890 304 974 ipso
330 889 419 974 regis
443 887 596 968 -consilio,
622 890 840 956 constitutum
867 898 919 959 est
948 899 986 957 vt
1011 889 1106 958 fieret
1127 895 1271 962 ordines

132 994 288 1077 predicto
303 991 400 1058 firme
415 991 602 1058 combustio
616 991 669 1058 vel
685 993 897 1061 examinatio.

177 1097 383 1180 Discifllus.
428 1094 611 1180 Quomodo
625 1095 780 1180 publice?

177 1201 358 1285 Magister.
403 1198 558 1266 Sentiens
583 1201 673 1265 enim
696 1201 881 1268 vicecomes
904 1221 941 1268 se
967 1202 1158 1287 pregrauari
1182 1224 1243 1288 per

130 1305 403 1372 combustionem
414 1302 587 1370 deterioris
599 1313 745 1380 monete,
760 1325 837 1371 cum
853 1303 984 1371 firmam
1000 1315 1051 1372 est
1065 1305 1242 1386 soluturus,

132 1408 315 1474 sollicitam
331 1407 473 1474 adhibet
483 1407 692 1492 diligentiam
703 1417 741 1473 vt
756 1409 929 1474 monetarii
940 1409 1003 1476 sub
1018 1428 1059 1473 eo
1069 1409 1240 1478 constituti
1256 1421 1287 1461 ¹⁰

133 1511 222 1598 legis
238 1513 422 1578 constitute
439 1510 523 1576 fines
543 1529 610 1575 non
630 1512 807 1598 excedant.
852 1510 948 1596 Quos
968 1532 1045 1579 cum
1059 1512 1240 1598 deprehen-

130 1614 222 1681 derit
235 1615 283 1682 sic
298 1615 482 1700 puniuntur
496 1623 535 1678 vt
549 1633 665 1680 eorum
681 1614 839 1699 exemplo
853 1615 954 1681 ‘ceteri
968 1625 1161 1682 terreantur.

176 1718 377 1804 Disa'palus.
421 1718 593 1802 Numquid
624 1717 668 1784 de
703 1719 857 1784 omnibus
893 1719 1107 1786 comitatibus
1144 1719 1241 1788 firma

130 1823 254 1890 blanca
268 1823 355 1890 solui
369 1823 471 1889 debet
485 1821 538 1888 vel
553 1823 759 1890 examinatio
776 1822 870 1889 fieri?

175 1925 355 2011 Magister.
400 1927 493 1992 Non.
536 1924 606 1993 Sed
623 1926 681 2010 qui
702 1927 745 1992 de
764 1928 902 2011 antiquo
922 1926 993 1993 iure
1012 1947 1132 1994 corone
1149 1927 1238 2014 regie
1251 1946 1280 2002 τι

130 2033 393 2096 annominantur
406 2030 454 2096 sie
468 2029 613 2096 soluunt.
659 2029 727 2114 Qui
741 2051 821 2097 vero
840 2050 900 2115 per
912 2031 1094 2099 incidentes
1108 2031 1238 2118 aliquos

129 2153 231 2200 casus
262 2133 459 2200 infiscantur
491 2133 563 2202 solo
596 2155 734 2201 numero
768 2133 983 2214 satisfaciunt,
1015 2135 1131 2220 quales
1160 2145 1238 2202 sunt

130 2236 312 2324 Salopscir,
336 2236 482 2316 Sudseri,
505 2237 799 2304 Norhurnberland
828 2249 862 2304 et
885 2237 1121 2307 cumberland.
1177 2240 1236 2306 Li-

129 2343 248 2408 berum
279 2352 333 2408 est
365 2341 468 2408 mum
501 2341 689 2410 vicecomiti
710 2351 748 2408 vt
776 2361 838 2428 pro
861 2341 957 2408 firma
983 2343 1101 2412 blance
1126 2343 1237 2410 soluat

127 2446 317 2514 examinati
340 2445 469 2532 argenti
490 2445 640 2531 pondera
668 2446 772 2513 etsie
802 2446 938 2532 effugiat
960 2446 1122 2513 iacturam
1145 2467 1236 2512 com·
1249 2466 1281 2504 πο

127 2549 306 2617 huntionis.
365 2548 420 2616 Sic
446 2555 560 2616 tamen
581 2556 619 2615 vt
650 2543 741 2616 lusor
762 2550 850 2634 regis
879 2551 997 2616 eadem
1026 2549 1271 2635 suscipiendaE

126 2653 298 2720 decernat.
338 2651 455 2719 Habes
470 2653 571 2739 igitur
586 2653 677 2737 quod
693 2653 814 2738 petisti,
829 2673 850 2718 a
865 2653 986 2737 quibus
1000 2652 1126 2719 scilicet
1140 2662 1175 2719 et
1190 2653 1235 2720 ob

126 2776 232 2841 quam
247 2777 382 2822 causam
398 2756 551 2823 instituta
564 2755 664 2823 suerit
678 2757 896 2824 examinatio.

173 2859 373 2943 Discipulus.
417 2859 528 2926 Video
548 2881 608 2945 per
622 2860 708 2928 hanc
725 2861 770 2927 ad
789 2861 934 2927 litteram
953 2858 1128 2943 impletum
1142 2859 1234 2943 quod

124 2963 290 3048 scriptum
304 2972 366 3043 est,
398 2963 530 3048 ‘Quale
548 2964 644 3031 fuerit
663 2965 824 3049 cuiusque
842 2984 927 3051 opus
945 2963 1034 3050 ignis
1057 2962 1232 3050 probabit'
1246 2979 1277 3033 ²⁵

126 3067 200 3135 Sed
215 3068 281 3134 iarn
295 3088 383 3134 nunc
397 3068 528 3153 placeat
543 3068 649 3152 ceptis
663 3067 823 3136 insistere.

173 3171 352 3256 Magister.
396 3173 483 3238 Fiat.
540 3169 756 3258 Consequens
778 3179 837 3253 est,
862 3179 899 3240 vt
920 3170 1028 3250 credo,
1049 3172 1232 3238 secundum

126 3274 292 3360 disposite
314 3275 454 3342 rationis
475 3276 637 3353 ordinem,
652 3285 689 3343 vt
710 3295 778 3361 que
799 3275 866 3343 sint
887 3277 1068 3362 dignitates
1087 3275 1231 3343 residen-

124 3379 213 3446 tium
237 3379 280 3444 ad
302 3380 504 3448 scaccarium
527 3401 572 3446 ex
593 3378 704 3448 officio
725 3379 780 3446 vel
802 3401 847 3446 ex
868 3381 955 3466 regis
977 3379 1134 3447 mandato
1155 3400 1230 3464 pro-

123 3501 315 3568 sequamur.
1242 3498 1281 3550 30*

168 3585 370 3672 Danaeius.
414 3587 519 3654 Miror
554 3587 636 3654 satis
673 3607 740 3672 qua
775 3586 1037 3655 consideratione
1073 3606 1149 3653 cum
1186 3585 1233 3652 de'

123 3691 242 3757 officiis
259 3700 422 3776 ageretur,
437 3691 481 3758 de
501 3691 639 3758 ostiario
654 3691 789 3758 maioris
808 3690 962 3756 scaccarii
981 3699 1017 3757 et
1036 3691 1106 3756 eius
1120 3689 1229 3756 officio

123 3791 179 3860 vei
193 3814 239 3860 ex
256 3793 419 3860 industria
433 3795 646 3880 suppressisti
657 3793 719 3875 vd,
730 3793 907 3862 obliuionis
919 3794 1038 3860 iniuria
1048 3793 1229 3872 resistente,

122 3898 302 3984 preteristi.

168 3999 347 4086 Magister.
391 3997 550 4068 Gratulor
566 4010 602 4070 te
619 4021 799 4068 memorem
814 4000 1049 4088 predictorum.
1094 3999 1135 4064 In
1149 4018 1227 4081 pro·
1241 4013 1272 4065 as

121 4103 256 4172 ficiente
282 4103 409 4190 quippe
438 4103 602 4189 discipulo
629 4104 737 4190 gloria
761 4104 906 4172 doctoris
931 4114 992 4172 est
1035 4101 1135 4167 Nosti
1160 4100 1227 4166 iam

157 4221 424 4280 §reimminatio
436 4222 531 4278 Μ
622 4238 655 4296 13
673 4222 870 4282 omnibusom.
882 4222 920 4277 Ν
1011 4234 1045 4288 14
1051 4221 1119 4302 past
1127 4217 1180 4286 vel,
1192 4234 1227 4274 ex

120 4293 255 4352 omnibus
273 4293 455 4351 comitatibus
475 4293 541 4350 add.
564 4293 601 4351 Ν
739 4293 878 4365 nostiam
892 4308 947 4349 om.
968 4291 1007 4349 C:
1025 4301 1111 4348 enam
1131 4295 1175 4346 est
1193 4288 1230 4346 N

122 4365 279 4435 navideR
332 4362 570 4436 resipiscente
