3096 4832
330 293 373 376 ⁸4
697 293 765 362 ns
788 291 1064 363 scnccmuo
1310 289 1340 386 [1
1354 295 1429 363 vsc

328 465 439 532 sono
459 447 494 531 et
515 465 685 532 soluenda
731 463 799 531 nnc
820 464 922 532 etum
943 465 1090 532 eunoun
1110 464 1339 532 manantem
1360 464 1431 533 rae-
1543 479 1544 556 3

329 579 441 636 torum
455 570 500 634 ad
515 569 724 636 scaccarium.
770 568 837 634 Hic
856 568 1253 637 etiam'summonitiones
1269 569 1374 635 famas
1391 579 1432 635 vt
1543 625 1544 652 ff

291 696 317 748 ι)
330 673 513 758 predictum
536 681 587 740 ost
612 673 747 758 corrigit
768 682 803 739 ct
823 673 954 758 sigillat,
976 681 1010 739 et
1034 671 1135 761 est2ei
1161 673 1256 740 labor
1281 671 1433 738 infinitus

329 786 431 861 atque
445 787 522 862 post
537 775 776 844 thesaurarium
792 779 972 844 maximus.

301 879 572 964 sDiscr'puluc.
616 878 737 948 ‘Vtilis
758 880 812 946 hic
834 891 923 948 esset
948 881 1057 966 magis
1078 880 1193 966 Argus
1214 900 1316 966 quam
1342 879 1434 946 Poli-

331 981 456 1051 lemus’
755 1021 759 1030 ·
1543 1031 1544 1036 η

338 1161 344 1178 ,
372 1088 547 1174 Magister.
594 1085 743 1154 Clericus
768 1087 1014 1156 constabularie
1035 1109 1175 1174 magnus
1203 1097 1240 1155 et
1263 1087 1434 1155 officiosus
1543 1147 1544 1150 ,

330 1191 365 1260 in
380 1194 467 1276 regis
486 1191 577 1260 curia
591 1191 633 1258 ad
652 1192 851 1259 scaccarium
874 1193 976 1260 οτίαπι
993 1193 1036 1260 ad
1056 1193 1181 1259 maium
1197 1212 1330 1276 queque
1350 1211 1433 1258 cum
1543 1199 1544 1288 {

330 1297 461 1382 magnis
476 1297 599 1363 ascitur
614 1303 648 1362 et
666 1315 801 1364 assemu
817 1297 887 1362 eius
901 1297 992 1382 regia
1011 1294 1096 1362 fiunt
1110 1296 1254 1381 negotia.
1317 1295 1435 1362 Desti-
1543 1289 1544 1324 ¹

287 1423 318 1462 ro
331 1410 430 1467 natur
458 1411 617 1468 autema
646 1419 724 1484 rege
749 1401 792 1466 ad
823 1401 1024 1467 scaccarium
1053 1419 1129 1468 curn
1156 1399 1436 1466 contrabreuibus

330 1505 375 1571 ad
390 1505 548 1572 terminos
564 1503 718 1571 smcoerii
738 1505 783 1571 de
803 1503 868 1570 hiis
888 1513 1021 1571 tantum
1042 1523 1109 1588 quc
1129 1503 1172 1570 ad
1195 1503 1319 1570 curiam
1336 1501 1436 1570 fiunt.

332 1608 399 1677 Hic
428 1607 528 1675 etiam
558 1627 634 1674 curn
659 1607 909 1680 ¹constabulario
935 1607 1184 1674 liberationibus
1212 1607 1356 1673 militum
1377 1606 1436 1674 vel
1543 1639 1544 1676 fl

331 1711 555 1798 quorumlibet
591 1711 732 1777 aliorum
760 1711 912 1791 intendit,
940 1719 978 1777 vt
1011 1711 1196 1796 predictum
1226 1720 1287 1793 est,
1316 1721 1350 1775 et
1380 1719 1437 1776 est
1543 1719 1544 1800 l

331 1817 498 1882 interdum
524 1815 724 1881 laboriosum
750 1814 831 1880 satis
856 1815 928 1881 eius
952 1814 1098 1881 officium
1128 1813 1206 1880 licet
1229 1813 1346 1899 paucis
1371 1834 1436 1906 esc·
1543 1803 1544 1844 l

289 1920 501 2005 1nprimatur.
547 1917 675 2002 Expiet
696 1926 812 1984 tamen
826 1917 907 1984 illud
927 1916 1129 2002 frequentius
1149 1938 1209 2002 per
1223 1917 1437 2003 suppositam
1543 1965 1544 2002 1

331 2042 508 2108 personam
522 2021 608 2088 sicut
625 2021 847 2102 cancellarius,
864 2021 943 2106 quia
956 2031 1093 2108 propter
1106 2021 1234 2087 maiora
1253 2040 1323 2086 non
1337 2020 1437 2086 facile
1543 2069 1544 2122 p

331 2135 471 2212 possunt
494 2146 515 2191 a
535 2126 622 2210 regis
644 2126 809 2209 presentia
831 2124 963 2210 longius
985 2127 1041 2191 ire.
1087 2124 1143 2192 Sic
1167 2125 1269 2191 habes
1291 2125 1438 2208 disposi-
1543 2127 1544 2186 i

333 2239 444 2296 torum
459 2229 493 2294 in
513 2231 660 2295 secundo
681 2227 775 2296 sedili
790 2229 834 2295 ad
856 2231 1030 2296 dexteram
1045 2229 1244 2314 presidentis
1265 2237 1437 2312 utcunque
1543 2241 1544 2246 ’

331 2331 510 2400 distributa
524 2331 643 2398 officia.
666 2332 770 2398 Porro
785 2333 818 2397 in
833 2333 942 2417 capite
956 2332 1065 2418 quarti
1087 2332 1201 2398 sedilis
1216 2333 1308 2416 quod
1325 2353 1436 2416 oppo-

288 2457 320 2496 ιο
333 2437 422 2502 nitur
457 2435 644 2503 iusticiariis
680 2436 803 2503 residet
835 2437 991 2520 magister
1028 2435 1177 2502 Thomas
1209 2446 1437 2520 cognomento
1543 2415 1544 2500 l

298 2539 473 2612 nBrunus.
531 2540 643 2606 Huius
668 2541 713 2606 ad
738 2541 938 2610 scaccarium
964 2560 1031 2606 non
1059 2539 1133 2606 vilis
1162 2549 1213 2605 cst
1242 2539 1437 2605 auctoritas.
1543 2585 1544 2616 1

333 2643 496 2730 Magnum
512 2643 600 2709 enim
616 2652 650 2710 et
660 2642 807 2709 validum
823 2642 900 2709 fidei
912 2643 982 2710 eius
996 2653 1030 2710 et
1045 2642 1250 2710 discretionis
1271 2652 1437 2727 estargu·
1543 2677 1544 2722 3

333 2757 484 2815 mentum
506 2748 598 2834 quod
614 2769 635 2814 a
649 2758 719 2815 tam
734 2746 930 2814 excellentis
945 2747 1065 2832 ingenii
1081 2747 1228 2833 principe
1242 2745 1368 2812 electus
1383 2755 1438 2812 est

332 2864 371 2919 vt
378 2864 488 2939 preter
496 2852 669 2937 antiquam
681 2853 954 2917 consuetudinem
964 2851 1099 2918 tertium
1109 2851 1231 2917 habeat
1242 2849 1437 2918 rotulumin

289 2981 319 3034 ²⁵
332 2977 400 3041 quo
411 2957 502 3042 regni
513 2956 583 3022 iura
592 2957 744 3041 regisque
755 2965 882 3022 secreta
892 2954 1077 3022 conscribat
1086 2964 1121 3021 et
1129 2954 1272 3021 cundem
1284 2973 1388 3038 penes
1397 2973 1437 3018 se

334 3081 505 3128 reseruans
524 3079 725 3146 quocunque
743 3060 885 3126 volucrit
907 3057 1043 3126 deserat
1083 3058 1199 3125 Habet
1218 3059 1322 3125 etiarn
1338 3056 1437 3124 cleri·

335 3183 411 3231 cum
427 3183 524 3230 suum
540 3165 575 3228 in
590 3163 744 3230 inferiore
757 3163 922 3230 scaccario
923 3161 1000 3246 ‚qui
1016 3161 1113 3228 iuxta
1127 3161 1283 3228 clericum
1298 3159 1437 3227 thesau·
1543 3199 1544 3224 n

334 3267 411 3332 rarii
450 3268 598 3335 residens
626 3267 765 3334 liberam
801 3267 905 3334 habet
937 3266 1131 3334 facultatem
1167 3265 1331 3331 scribendi
1366 3285 1438 3349 que

244 3443 249 3457 ,
335 3371 538 3454 recipiuntur
558 3380 593 3438 et
615 3372 883 3455 expenduntur
873 3391 907 3436 rn
929 3371 1096 3437 thesauro.

289 3472 575 3558 noDiscipulus.
620 3476 794 3561 Numquid
805 3475 944 3562 principi
959 3475 1094 3560 cognita
1108 3483 1160 3540 est
1173 3493 1215 3540 oo
1229 3493 1334 3556 vsque
1350 3471 1439 3540 fides

245 3663 249 3672 ι
335 3579 405 3646 cius
418 3586 521 3662 atque
535 3577 690 3645 discretio
706 3579 798 3663 quod
812 3579 856 3646 ad
870 3578 935 3645 hoc
948 3599 1034 3666 opus
1049 3579 1168 3644 merito
1179 3597 1246 3644 non
1262 3575 1440 3643 estimetur

333 3681 418 3748 alius
432 3681 476 3746 ad
492 3678 609 3752 illum?

376 3784 552 3870 Magister.
591 3785 735 3871 Magnus
755 3785 815 3852 hic'
832 3796 904 3853 erat
925 3785 960 3850 in
979 3784 1091 3870 magni
1112 3783 1200 3870 regis
1223 3782 1328 3851 Siculi
1344 3782 1440 3850 curia

334 3886 477 3955 consiliis
490 3887 652 3972 prouidus
666 3898 699 3954 et
714 3888 749 3954 in
763 3889 863 3974 regiis
877 3889 1010 3956 secretis
1024 3907 1111 3974 pene
1125 3888 1308 3973 precipuus
1354 3885 1438 3953 Sur-

290 4019 322 4074 35
339 3993 428 4060 rexit
456 3991 583 4059 interea
607 4013 668 4058 rex
697 4012 805 4059 nouus
834 3993 891 4078 qui
920 3992 1095 4078 ignorabat
1123 3992 1227 4071 illum,
1246 3991 1304 4076 qui
1329 4011 1440 4078 praua

335 4097 462 4164 habens
490 4095 595 4164 latera
615 4104 744 4183 patrem
774 4098 1034 4183 persequebatur
1054 4096 1087 4188 in
1109 4097 1188 4162 suis.
1233 4092 1440 4180 Compulsus

544 4327 560 4384 7
580 4311 779 4372 constabularii
794 4313 818 4370 C
983 4315 1017 4374 18
1035 4325 1183 4388 vmnmque
1194 4315 1222 4372 R
