<?xml version="1.0" encoding="UTF-8"?>
<!DOCTYPE html PUBLIC "-//W3C//DTD XHTML 1.0 Transitional//EN"
    "http://www.w3.org/TR/xhtml1/DTD/xhtml1-transitional.dtd">
<html xmlns="http://www.w3.org/1999/xhtml" xml:lang="en" lang="en">
 <head>
  <title>
</title>
<meta http-equiv="Content-Type" content="text/html;charset=utf-8" />
  <meta name='ocr-system' content='tesseract 3.04.00' />
  <meta name='ocr-capabilities' content='ocr_page ocr_carea ocr_par ocr_line ocrx_word'/>
</head>
<body>
  <div class='ocr_page' id='page_1' title='image "./denecessariisob00johngoog_0117.png"; bbox 0 0 3096 4832; ppageno 0'>
   <div class='ocr_carea' id='block_1_1' title="bbox 342 319 1442 418">
    <p class='ocr_par' dir='ltr' id='par_1_1' title="bbox 342 283 1545 418">
     <span class='ocr_line' id='line_1_1' title="bbox 342 319 1442 418; baseline -0.021 -13"><span class='ocrx_word' id='word_1_1' title='bbox 342 337 406 404; x_wconf 80' lang='lat'>104</span> <span class='ocrx_word' id='word_1_2' title='bbox 709 321 777 390; x_wconf 78' lang='lat' dir='ltr'>on</span> <span class='ocrx_word' id='word_1_3' title='bbox 799 320 1072 393; x_wconf 79' lang='lat' dir='ltr'>scnccnruo</span> <span class='ocrx_word' id='word_1_4' title='bbox 1315 319 1346 418; x_wconf 64' lang='grc' dir='ltr'>[ι</span> <span class='ocrx_word' id='word_1_5' title='bbox 1360 330 1442 400; x_wconf 72' lang='lat' dir='ltr'>xre</span> 
     </span>
    </p>
   </div>
   <div class='ocr_carea' id='block_1_2' title="bbox 338 497 1545 791">
    <p class='ocr_par' dir='ltr' id='par_1_2' title="bbox 338 497 1545 791">
     <span class='ocr_line' id='line_1_2' title="bbox 338 497 1545 588; baseline -0.002 -24"><span class='ocrx_word' id='word_1_6' title='bbox 338 517 452 565; x_wconf 91' lang='lat' dir='ltr'>verum</span> <span class='ocrx_word' id='word_1_7' title='bbox 468 497 570 564; x_wconf 85' lang='lat' dir='ltr'>etiam</span> <span class='ocrx_word' id='word_1_8' title='bbox 588 517 649 584; x_wconf 90' lang='lat' dir='ltr'>per</span> <span class='ocrx_word' id='word_1_9' title='bbox 661 497 849 564; x_wconf 74' lang='lat' dir='ltr'>vulnerum</span> <span class='ocrx_word' id='word_1_10' title='bbox 868 515 1009 582; x_wconf 85' lang='lat' dir='ltr'>regnum</span> <span class='ocrx_word' id='word_1_11' title='bbox 1026 497 1224 582; x_wconf 88' lang='lat' dir='ltr'>presidentis</span> <span class='ocrx_word' id='word_1_12' title='bbox 1239 501 1439 588; x_wconf 87' lang='lat' dir='ltr'>dignitatem</span> <span class='ocrx_word' id='word_1_13' title='bbox 1544 559 1545 562; x_wconf 74' lang='grc'>,</span> 
     </span>
     <span class='ocr_line' id='line_1_3' title="bbox 339 601 1545 686; baseline 0.001 -17"><span class='ocrx_word' id='word_1_14' title='bbox 339 602 527 686; x_wconf 84' lang='lat' dir='ltr'><strong>optinuerit.</strong></span> <span class='ocrx_word' id='word_1_15' title='bbox 587 601 655 667; x_wconf 89' lang='lat' dir='ltr'>Hic</span> <span class='ocrx_word' id='word_1_16' title='bbox 685 601 787 668; x_wconf 90' lang='lat' dir='ltr'>semel</span> <span class='ocrx_word' id='word_1_17' title='bbox 817 601 1008 667; x_wconf 85' lang='lat' dir='ltr'>imminente</span> <span class='ocrx_word' id='word_1_18' title='bbox 1036 603 1225 670; x_wconf 89' lang='lat' dir='ltr'>visitatione</span> <span class='ocrx_word' id='word_1_19' title='bbox 1253 625 1439 684; x_wconf 89' lang='lat' dir='ltr'>nemorum,</span> <span class='ocrx_word' id='word_1_20' title='bbox 1544 655 1545 658; x_wconf 16' lang='grc' dir='ltr'>η</span> 
     </span>
     <span class='ocr_line' id='line_1_4' title="bbox 338 704 1545 791; baseline 0.005 -22"><span class='ocrx_word' id='word_1_21' title='bbox 338 725 441 791; x_wconf 89' lang='lat' dir='ltr'>quam</span> <span class='ocrx_word' id='word_1_22' title='bbox 464 706 661 790; x_wconf 76' lang='lat' dir='ltr'>regnandam</span> <span class='ocrx_word' id='word_1_23' title='bbox 683 704 785 790; x_wconf 90' lang='lat' dir='ltr'>vulgo</span> <span class='ocrx_word' id='word_1_24' title='bbox 805 705 929 784; x_wconf 88' lang='lat' dir='ltr'>dicunt,</span> <span class='ocrx_word' id='word_1_25' title='bbox 943 725 1011 790; x_wconf 88' lang='lat' dir='ltr'>que</span> <span class='ocrx_word' id='word_1_26' title='bbox 1036 706 1135 772; x_wconf 88' lang='lat' dir='ltr'>tertio</span> <span class='ocrx_word' id='word_1_27' title='bbox 1156 727 1245 773; x_wconf 91' lang='lat' dir='ltr'>anno</span> <span class='ocrx_word' id='word_1_28' title='bbox 1267 708 1315 785; x_wconf 86' lang='lat' dir='ltr'>fit,</span> <span class='ocrx_word' id='word_1_29' title='bbox 1335 708 1438 775; x_wconf 88' lang='lat' dir='ltr'>breue</span> <span class='ocrx_word' id='word_1_30' title='bbox 1544 787 1545 790; x_wconf 8' lang='grc' dir='ltr'><strong>Ἴ</strong></span> 
     </span>
    </p>
   </div>
   <div class='ocr_carea' id='block_1_3' title="bbox 309 809 1439 1415">
    <p class='ocr_par' dir='ltr' id='par_1_3' title="bbox 309 809 1439 1415">
     <span class='ocr_line' id='line_1_5' title="bbox 338 809 1439 897; baseline 0.002 -20"><span class='ocrx_word' id='word_1_31' title='bbox 338 811 425 895; x_wconf 87' lang='lat' dir='ltr'>regis</span> <span class='ocrx_word' id='word_1_32' title='bbox 445 810 589 876; x_wconf 84' lang='lat' dir='ltr'>obtinuit</span> <span class='ocrx_word' id='word_1_33' title='bbox 609 818 647 876; x_wconf 88' lang='lat' dir='ltr'>vt</span> <span class='ocrx_word' id='word_1_34' title='bbox 667 811 799 892; x_wconf 89' lang='lat' dir='ltr'>quietus</span> <span class='ocrx_word' id='word_1_35' title='bbox 821 818 908 875; x_wconf 87' lang='lat' dir='ltr'>esset</span> <span class='ocrx_word' id='word_1_36' title='bbox 929 811 974 876; x_wconf 92' lang='lat' dir='ltr'>ab</span> <span class='ocrx_word' id='word_1_37' title='bbox 995 809 1056 874; x_wconf 88' lang='lat' dir='ltr'>hiis</span> <span class='ocrx_word' id='word_1_38' title='bbox 1078 830 1145 895; x_wconf 93' lang='lat' dir='ltr'>que</span> <span class='ocrx_word' id='word_1_39' title='bbox 1166 811 1210 876; x_wconf 91' lang='lat' dir='ltr'>de</span> <span class='ocrx_word' id='word_1_40' title='bbox 1228 821 1316 878; x_wconf 88' lang='lat' dir='ltr'>terra</span> <span class='ocrx_word' id='word_1_41' title='bbox 1334 813 1439 897; x_wconf 88' lang='lat' dir='ltr'>ipsius</span> 
     </span>
     <span class='ocr_line' id='line_1_6' title="bbox 309 912 1438 1001; baseline 0 -18"><span class='ocrx_word' id='word_1_42' title='bbox 309 929 399 1001; x_wconf 79' lang='lat' dir='ltr'>spro</span> <span class='ocrx_word' id='word_1_43' title='bbox 429 915 562 980; x_wconf 83' lang='lat' dir='ltr'>essartis</span> <span class='ocrx_word' id='word_1_44' title='bbox 594 912 823 998; x_wconf 83' lang='lat' dir='ltr'>exigebantur,</span> <span class='ocrx_word' id='word_1_45' title='bbox 854 913 1008 1000; x_wconf 90' lang='lat' dir='ltr'>apposito</span> <span class='ocrx_word' id='word_1_46' title='bbox 1043 935 1182 981; x_wconf 87' lang='lat' dir='ltr'>numero</span> <span class='ocrx_word' id='word_1_47' title='bbox 1213 917 1272 1000; x_wconf 91' lang='lat' dir='ltr'>qui</span> <span class='ocrx_word' id='word_1_48' title='bbox 1301 918 1345 982; x_wconf 92' lang='lat' dir='ltr'>de</span> <span class='ocrx_word' id='word_1_49' title='bbox 1372 918 1438 983; x_wconf 87' lang='lat' dir='ltr'>hiis</span> 
     </span>
     <span class='ocr_line' id='line_1_7' title="bbox 338 1017 1438 1106; baseline 0.003 -21"><span class='ocrx_word' id='word_1_50' title='bbox 338 1018 531 1103; x_wconf 85' lang='lat' dir='ltr'>exurgebat</span> <span class='ocrx_word' id='word_1_51' title='bbox 576 1017 654 1102; x_wconf 83' lang='lat' dir='ltr'>Quo</span> <span class='ocrx_word' id='word_1_52' title='bbox 674 1018 786 1084; x_wconf 90' lang='lat' dir='ltr'>delato</span> <span class='ocrx_word' id='word_1_53' title='bbox 808 1029 842 1084; x_wconf 91' lang='lat' dir='ltr'>et</span> <span class='ocrx_word' id='word_1_54' title='bbox 861 1017 947 1084; x_wconf 91' lang='lat' dir='ltr'>lecto</span> <span class='ocrx_word' id='word_1_55' title='bbox 965 1020 1009 1085; x_wconf 86' lang='lat' dir='ltr'>ad</span> <span class='ocrx_word' id='word_1_56' title='bbox 1029 1020 1231 1085; x_wconf 83' lang='lat' dir='ltr'>scaccarium</span> <span class='ocrx_word' id='word_1_57' title='bbox 1252 1021 1285 1085; x_wconf 89' lang='lat' dir='ltr'>in</span> <span class='ocrx_word' id='word_1_58' title='bbox 1301 1020 1438 1106; x_wconf 89' lang='lat' dir='ltr'>publico</span> 
     </span>
     <span class='ocr_line' id='line_1_8' title="bbox 337 1121 1438 1208; baseline 0.002 -19"><span class='ocrx_word' id='word_1_59' title='bbox 337 1123 517 1208; x_wconf 83' lang='lat' dir='ltr'>stupebant</span> <span class='ocrx_word' id='word_1_60' title='bbox 544 1143 661 1188; x_wconf 90' lang='lat' dir='ltr'>omnes</span> <span class='ocrx_word' id='word_1_61' title='bbox 682 1132 717 1188; x_wconf 90' lang='lat' dir='ltr'>et</span> <span class='ocrx_word' id='word_1_62' title='bbox 743 1121 957 1200; x_wconf 84' lang='lat' dir='ltr'>mirabantur,</span> <span class='ocrx_word' id='word_1_63' title='bbox 978 1122 1126 1188; x_wconf 90' lang='lat' dir='ltr'>dicentes</span> <span class='ocrx_word' id='word_1_64' title='bbox 1152 1123 1295 1188; x_wconf 90' lang='lat' dir='ltr'>‘Nonne</span> <span class='ocrx_word' id='word_1_65' title='bbox 1322 1144 1438 1191; x_wconf 86' lang='lat' dir='ltr'>comes</span> 
     </span>
     <span class='ocr_line' id='line_1_9' title="bbox 337 1225 1439 1312; baseline 0 -18"><span class='ocrx_word' id='word_1_66' title='bbox 337 1229 399 1295; x_wconf 92' lang='lat' dir='ltr'>iste</span> <span class='ocrx_word' id='word_1_67' title='bbox 429 1227 615 1293; x_wconf 88' lang='lat' dir='ltr'>libertatem</span> <span class='ocrx_word' id='word_1_68' title='bbox 645 1235 792 1292; x_wconf 82' lang='lat' dir='ltr'>nostram</span> <span class='ocrx_word' id='word_1_69' title='bbox 822 1225 1008 1292; x_wconf 77' lang='lat' dir='ltr'>infirmati’</span> <span class='ocrx_word' id='word_1_70' title='bbox 1063 1227 1305 1294; x_wconf 86' lang='lat' dir='ltr'>Contuentrbus</span> <span class='ocrx_word' id='word_1_71' title='bbox 1335 1229 1439 1312; x_wconf 79' lang='lat' dir='ltr'>igitur·</span> 
     </span>
     <span class='ocr_line' id='line_1_10' title="bbox 336 1329 1439 1415; baseline -0.001 -16"><span class='ocrx_word' id='word_1_72' title='bbox 336 1355 372 1399; x_wconf 90' lang='lat' dir='ltr'>se</span> <span class='ocrx_word' id='word_1_73' title='bbox 390 1333 532 1398; x_wconf 89' lang='lat' dir='ltr'>inuicem</span> <span class='ocrx_word' id='word_1_74' title='bbox 554 1331 610 1415; x_wconf 91' lang='lat' dir='ltr'>qui</span> <span class='ocrx_word' id='word_1_75' title='bbox 631 1330 821 1396; x_wconf 86' lang='lat' dir='ltr'>assidebant</span> <span class='ocrx_word' id='word_1_76' title='bbox 842 1350 982 1396; x_wconf 85' lang='lat' dir='ltr'>exorsus</span> <span class='ocrx_word' id='word_1_77' title='bbox 1001 1341 1052 1397; x_wconf 89' lang='lat' dir='ltr'>est</span> <span class='ocrx_word' id='word_1_78' title='bbox 1074 1329 1175 1396; x_wconf 83' lang='lat' dir='ltr'>felicis</span> <span class='ocrx_word' id='word_1_79' title='bbox 1195 1331 1355 1398; x_wconf 87' lang='lat' dir='ltr'>memorie</span> <span class='ocrx_word' id='word_1_80' title='bbox 1373 1334 1439 1398; x_wconf 91' lang='lat' dir='ltr'>Ni·</span> 
     </span>
    </p>
   </div>
   <div class='ocr_carea' id='block_1_4' title="bbox 293 1434 1545 1522">
    <p class='ocr_par' dir='ltr' id='par_1_4' title="bbox 293 1434 1545 1522">
     <span class='ocr_line' id='line_1_11' title="bbox 293 1434 1545 1522; baseline -0.004 -17"><span class='ocrx_word' id='word_1_81' title='bbox 293 1466 324 1505; x_wconf 86' lang='grc' dir='ltr'>ιο</span> <span class='ocrx_word' id='word_1_82' title='bbox 336 1436 450 1522; x_wconf 85' lang='lat' dir='ltr'>gellus,</span> <span class='ocrx_word' id='word_1_83' title='bbox 465 1447 544 1502; x_wconf 90' lang='lat' dir='ltr'>tunc</span> <span class='ocrx_word' id='word_1_84' title='bbox 562 1434 714 1518; x_wconf 90' lang='lat' dir='ltr'>Elyensis</span> <span class='ocrx_word' id='word_1_85' title='bbox 733 1435 918 1519; x_wconf 87' lang='lat' dir='ltr'>episcopus,</span> <span class='ocrx_word' id='word_1_86' title='bbox 932 1434 980 1499; x_wconf 89' lang='lat' dir='ltr'>sic</span> <span class='ocrx_word' id='word_1_87' title='bbox 998 1435 1150 1520; x_wconf 90' lang='lat' dir='ltr'>inquiens</span> <span class='ocrx_word' id='word_1_88' title='bbox 1168 1455 1245 1500; x_wconf 91' lang='lat' dir='ltr'>cum</span> <span class='ocrx_word' id='word_1_89' title='bbox 1261 1439 1436 1504; x_wconf 85' lang='lat' dir='ltr'>modestia.</span> <span class='ocrx_word' id='word_1_90' title='bbox 1544 1447 1545 1478; x_wconf 67' lang='lat'><em>³</em></span> 
     </span>
    </p>
   </div>
   <div class='ocr_carea' id='block_1_5' title="bbox 335 1537 1545 1832">
    <p class='ocr_par' dir='ltr' id='par_1_5' title="bbox 335 1537 1545 1832">
     <span class='ocr_line' id='line_1_12' title="bbox 336 1537 1545 1624; baseline 0.002 -19"><span class='ocrx_word' id='word_1_91' title='bbox 336 1540 502 1605; x_wconf 90' lang='lat' dir='ltr'>‘Domine</span> <span class='ocrx_word' id='word_1_92' title='bbox 522 1559 642 1616; x_wconf 86' lang='lat' dir='ltr'>comes,</span> <span class='ocrx_word' id='word_1_93' title='bbox 656 1537 782 1604; x_wconf 89' lang='lat' dir='ltr'>irritam</span> <span class='ocrx_word' id='word_1_94' title='bbox 799 1538 915 1604; x_wconf 86' lang='lat' dir='ltr'>iecisse</span> <span class='ocrx_word' id='word_1_95' title='bbox 931 1537 1053 1603; x_wconf 84' lang='lat' dir='ltr'>videris</span> <span class='ocrx_word' id='word_1_96' title='bbox 1068 1558 1127 1621; x_wconf 92' lang='lat' dir='ltr'>per</span> <span class='ocrx_word' id='word_1_97' title='bbox 1145 1538 1210 1605; x_wconf 91' lang='lat' dir='ltr'>boc</span> <span class='ocrx_word' id='word_1_98' title='bbox 1227 1539 1328 1604; x_wconf 90' lang='lat' dir='ltr'>breue</span> <span class='ocrx_word' id='word_1_99' title='bbox 1342 1561 1436 1607; x_wconf 89' lang='lat' dir='ltr'>scac-</span> <span class='ocrx_word' id='word_1_100' title='bbox 1544 1619 1545 1624; x_wconf 5' lang='grc' dir='ltr'>ἵ</span> 
     </span>
     <span class='ocr_line' id='line_1_13' title="bbox 335 1642 1437 1730; baseline -0.002 -20"><span class='ocrx_word' id='word_1_101' title='bbox 335 1645 413 1710; x_wconf 86' lang='lat' dir='ltr'>carii</span> <span class='ocrx_word' id='word_1_102' title='bbox 436 1644 642 1730; x_wconf 85' lang='lat' dir='ltr'>dignitatem,</span> <span class='ocrx_word' id='word_1_103' title='bbox 657 1644 714 1726; x_wconf 91' lang='lat' dir='ltr'>qui</span> <span class='ocrx_word' id='word_1_104' title='bbox 736 1642 932 1708; x_wconf 90' lang='lat' dir='ltr'>mandatum</span> <span class='ocrx_word' id='word_1_105' title='bbox 954 1642 1040 1726; x_wconf 87' lang='lat' dir='ltr'>regis</span> <span class='ocrx_word' id='word_1_106' title='bbox 1062 1643 1105 1707; x_wconf 90' lang='lat' dir='ltr'>de</span> <span class='ocrx_word' id='word_1_107' title='bbox 1126 1642 1190 1707; x_wconf 91' lang='lat' dir='ltr'>hiis</span> <span class='ocrx_word' id='word_1_108' title='bbox 1210 1644 1309 1709; x_wconf 91' lang='lat' dir='ltr'>rebus</span> <span class='ocrx_word' id='word_1_109' title='bbox 1329 1645 1437 1730; x_wconf 89' lang='lat' dir='ltr'>impe-</span> 
     </span>
     <span class='ocr_line' id='line_1_14' title="bbox 337 1747 1545 1832; baseline -0.005 -18"><span class='ocrx_word' id='word_1_110' title='bbox 337 1749 431 1814; x_wconf 86' lang='lat' dir='ltr'>trasti</span> <span class='ocrx_word' id='word_1_111' title='bbox 461 1771 481 1814; x_wconf 88' lang='lat' dir='ltr'>a</span> <span class='ocrx_word' id='word_1_112' title='bbox 511 1747 630 1832; x_wconf 90' lang='lat' dir='ltr'>quibus</span> <span class='ocrx_word' id='word_1_113' title='bbox 653 1747 736 1812; x_wconf 83' lang='lat' dir='ltr'>liber</span> <span class='ocrx_word' id='word_1_114' title='bbox 764 1767 801 1812; x_wconf 85' lang='lat' dir='ltr'>es</span> <span class='ocrx_word' id='word_1_115' title='bbox 830 1766 891 1829; x_wconf 91' lang='lat' dir='ltr'>per</span> <span class='ocrx_word' id='word_1_116' title='bbox 920 1747 1098 1811; x_wconf 77' lang='lat' dir='ltr'>sessionem</span> <span class='ocrx_word' id='word_1_117' title='bbox 1124 1748 1304 1826; x_wconf 87' lang='lat' dir='ltr'>scaccarii;</span> <span class='ocrx_word' id='word_1_118' title='bbox 1340 1767 1381 1813; x_wconf 86' lang='lat' dir='ltr'>ac</span> <span class='ocrx_word' id='word_1_119' title='bbox 1406 1750 1438 1814; x_wconf 89' lang='lat' dir='ltr'>si</span> <span class='ocrx_word' id='word_1_120' title='bbox 1544 1771 1545 1808; x_wconf 59' lang='lat'><em>2</em></span> 
     </span>
    </p>
   </div>
   <div class='ocr_carea' id='block_1_6' title="bbox 288 1849 1437 2040">
    <p class='ocr_par' dir='ltr' id='par_1_6' title="bbox 288 1837 1545 2040">
     <span class='ocr_line' id='line_1_15' title="bbox 334 1849 1436 1937; baseline -0.003 -18"><span class='ocrx_word' id='word_1_121' title='bbox 334 1861 574 1937; x_wconf 90' lang='lat' dir='ltr'>consequenter</span> <span class='ocrx_word' id='word_1_122' title='bbox 587 1853 710 1918; x_wconf 90' lang='lat' dir='ltr'>amodo</span> <span class='ocrx_word' id='word_1_123' title='bbox 730 1871 789 1935; x_wconf 89' lang='lat' dir='ltr'>per</span> <span class='ocrx_word' id='word_1_124' title='bbox 807 1849 916 1916; x_wconf 90' lang='lat' dir='ltr'>locum</span> <span class='ocrx_word' id='word_1_125' title='bbox 931 1873 953 1918; x_wconf 90' lang='lat' dir='ltr'>a</span> <span class='ocrx_word' id='word_1_126' title='bbox 973 1849 1087 1916; x_wconf 89' lang='lat' dir='ltr'>maiori</span> <span class='ocrx_word' id='word_1_127' title='bbox 1102 1851 1225 1916; x_wconf 89' lang='lat' dir='ltr'>debeat</span> <span class='ocrx_word' id='word_1_128' title='bbox 1244 1852 1361 1928; x_wconf 82' lang='lat' dir='ltr'>inferri,</span> <span class='ocrx_word' id='word_1_129' title='bbox 1377 1856 1436 1937; x_wconf 91' lang='lat' dir='ltr'>qui</span> 
     </span>
     <span class='ocr_line' id='line_1_16' title="bbox 288 1954 1437 2040; baseline 0 -20"><span class='ocrx_word' id='word_1_130' title='bbox 288 1977 322 2036; x_wconf 81' lang='lat'>15</span> <span class='ocrx_word' id='word_1_131' title='bbox 334 1957 378 2022; x_wconf 90' lang='lat' dir='ltr'>de</span> <span class='ocrx_word' id='word_1_132' title='bbox 392 1957 524 2021; x_wconf 85' lang='lat' dir='ltr'>essartis</span> <span class='ocrx_word' id='word_1_133' title='bbox 539 1957 641 2022; x_wconf 90' lang='lat' dir='ltr'>breue</span> <span class='ocrx_word' id='word_1_134' title='bbox 655 1955 741 2040; x_wconf 87' lang='lat' dir='ltr'>regis</span> <span class='ocrx_word' id='word_1_135' title='bbox 756 1975 823 2020; x_wconf 87' lang='lat' dir='ltr'>nou</span> <span class='ocrx_word' id='word_1_136' title='bbox 838 1954 976 2035; x_wconf 85' lang='lat' dir='ltr'>obtinet,</span> <span class='ocrx_word' id='word_1_137' title='bbox 990 1955 1148 2020; x_wconf 90' lang='lat' dir='ltr'>solutioni</span> <span class='ocrx_word' id='word_1_138' title='bbox 1168 1975 1251 2020; x_wconf 83' lang='lat' dir='ltr'>mox</span> <span class='ocrx_word' id='word_1_139' title='bbox 1265 1957 1437 2024; x_wconf 86' lang='lat' dir='ltr'>obnoxius</span> 
     </span>
    </p>
   </div>
   <div class='ocr_carea' id='block_1_7' title="bbox 335 2057 1436 2144">
    <p class='ocr_par' dir='ltr' id='par_1_7' title="bbox 335 2039 1545 2144">
     <span class='ocr_line' id='line_1_17' title="bbox 335 2057 1436 2144; baseline 0.001 -20"><span class='ocrx_word' id='word_1_140' title='bbox 335 2059 402 2126; x_wconf 84' lang='lat' dir='ltr'>fiat.</span> <span class='ocrx_word' id='word_1_141' title='bbox 447 2057 516 2138; x_wconf 88' lang='lat' dir='ltr'>set,</span> <span class='ocrx_word' id='word_1_142' title='bbox 539 2057 632 2125; x_wconf 89' lang='lat' dir='ltr'>salua</span> <span class='ocrx_word' id='word_1_143' title='bbox 653 2059 846 2137; x_wconf 87' lang='lat' dir='ltr'>reuerentia,</span> <span class='ocrx_word' id='word_1_144' title='bbox 864 2058 1065 2144; x_wconf 88' lang='lat' dir='ltr'>perniciosus</span> <span class='ocrx_word' id='word_1_145' title='bbox 1087 2068 1147 2136; x_wconf 87' lang='lat' dir='ltr'>est,</span> <span class='ocrx_word' id='word_1_146' title='bbox 1162 2067 1299 2143; x_wconf 90' lang='lat' dir='ltr'>propter</span> <span class='ocrx_word' id='word_1_147' title='bbox 1320 2081 1436 2126; x_wconf 87' lang='lat' dir='ltr'>exem·</span> 
     </span>
    </p>
   </div>
   <div class='ocr_carea' id='block_1_8' title="bbox 287 2160 1545 3184">
    <p class='ocr_par' dir='ltr' id='par_1_8' title="bbox 287 2160 1545 3184">
     <span class='ocr_line' id='line_1_18' title="bbox 333 2160 1545 2256; baseline 0.002 -30"><span class='ocrx_word' id='word_1_148' title='bbox 333 2163 435 2247; x_wconf 92' lang='lat' dir='ltr'>plum,</span> <span class='ocrx_word' id='word_1_149' title='bbox 449 2163 504 2228; x_wconf 91' lang='lat' dir='ltr'>hic</span> <span class='ocrx_word' id='word_1_150' title='bbox 518 2161 736 2256; x_wconf 81' lang='lat' dir='ltr'>absolutionis</span> <span class='ocrx_word' id='word_1_151' title='bbox 747 2161 888 2229; x_wconf 67' lang='lat' dir='ltr'>modus!</span> <span class='ocrx_word' id='word_1_152' title='bbox 932 2160 1019 2228; x_wconf 90' lang='lat' dir='ltr'>Cum</span> <span class='ocrx_word' id='word_1_153' title='bbox 1034 2161 1142 2246; x_wconf 84' lang='lat' dir='ltr'>igitur,</span> <span class='ocrx_word' id='word_1_154' title='bbox 1156 2173 1193 2229; x_wconf 92' lang='lat' dir='ltr'>vt</span> <span class='ocrx_word' id='word_1_155' title='bbox 1208 2164 1246 2229; x_wconf 86' lang='lat' dir='ltr'>fit</span> <span class='ocrx_word' id='word_1_156' title='bbox 1262 2164 1436 2246; x_wconf 88' lang='lat' dir='ltr'>indubiis,</span> <span class='ocrx_word' id='word_1_157' title='bbox 1544 2183 1545 2240; x_wconf 74' lang='lat' dir='ltr'>j</span> 
     </span>
     <span class='ocr_line' id='line_1_19' title="bbox 333 2263 1438 2351; baseline 0.002 -20"><span class='ocrx_word' id='word_1_158' title='bbox 333 2265 467 2351; x_wconf 89' lang='lat' dir='ltr'>quidam</span> <span class='ocrx_word' id='word_1_159' title='bbox 492 2263 548 2345; x_wconf 87' lang='lat' dir='ltr'>sic,</span> <span class='ocrx_word' id='word_1_160' title='bbox 573 2265 709 2348; x_wconf 88' lang='lat' dir='ltr'>quidam</span> <span class='ocrx_word' id='word_1_161' title='bbox 736 2264 830 2332; x_wconf 82' lang='lat' dir='ltr'>aliter</span> <span class='ocrx_word' id='word_1_162' title='bbox 858 2266 1025 2342; x_wconf 87' lang='lat' dir='ltr'>sentirent,</span> <span class='ocrx_word' id='word_1_163' title='bbox 1052 2263 1171 2331; x_wconf 85' lang='lat' dir='ltr'>allatus</span> <span class='ocrx_word' id='word_1_164' title='bbox 1201 2267 1310 2331; x_wconf 87' lang='lat' dir='ltr'>estin</span> <span class='ocrx_word' id='word_1_165' title='bbox 1335 2266 1438 2334; x_wconf 88' lang='lat' dir='ltr'>huius</span> 
     </span>
     <span class='ocr_line' id='line_1_20' title="bbox 334 2363 1545 2456; baseline 0.002 -22"><span class='ocrx_word' id='word_1_166' title='bbox 334 2369 380 2434; x_wconf 90' lang='lat' dir='ltr'>rei</span> <span class='ocrx_word' id='word_1_167' title='bbox 400 2369 540 2435; x_wconf 87' lang='lat' dir='ltr'>validius</span> <span class='ocrx_word' id='word_1_168' title='bbox 561 2378 801 2454; x_wconf 86' lang='lat' dir='ltr'>argumentum,</span> <span class='ocrx_word' id='word_1_169' title='bbox 816 2368 944 2435; x_wconf 89' lang='lat' dir='ltr'>rotulus</span> <span class='ocrx_word' id='word_1_170' title='bbox 964 2368 1091 2434; x_wconf 90' lang='lat' dir='ltr'>annalis</span> <span class='ocrx_word' id='word_1_171' title='bbox 1113 2371 1155 2434; x_wconf 90' lang='lat' dir='ltr'>de</span> <span class='ocrx_word' id='word_1_172' title='bbox 1175 2378 1327 2454; x_wconf 88' lang='lat' dir='ltr'>tempore</span> <span class='ocrx_word' id='word_1_173' title='bbox 1345 2373 1433 2456; x_wconf 86' lang='lat' dir='ltr'>regis</span> <span class='ocrx_word' id='word_1_174' title='bbox 1544 2363 1545 2442; x_wconf 74' lang='lat' dir='ltr'>i</span> 
     </span>
     <span class='ocr_line' id='line_1_21' title="bbox 288 2471 1545 2558; baseline 0.002 -20"><span class='ocrx_word' id='word_1_175' title='bbox 288 2507 320 2544; x_wconf 76' lang='lat'>20</span> <span class='ocrx_word' id='word_1_176' title='bbox 334 2472 419 2539; x_wconf 89' lang='lat' dir='ltr'>illius</span> <span class='ocrx_word' id='word_1_177' title='bbox 445 2473 565 2557; x_wconf 89' lang='lat' dir='ltr'>magni,</span> <span class='ocrx_word' id='word_1_178' title='bbox 592 2473 684 2539; x_wconf 90' lang='lat' dir='ltr'>cuius</span> <span class='ocrx_word' id='word_1_179' title='bbox 709 2493 809 2557; x_wconf 85' lang='lat' dir='ltr'>supra</span> <span class='ocrx_word' id='word_1_180' title='bbox 834 2471 1052 2556; x_wconf 90' lang='lat' dir='ltr'>meminimus,</span> <span class='ocrx_word' id='word_1_181' title='bbox 1073 2474 1137 2539; x_wconf 87' lang='lat' dir='ltr'>sub</span> <span class='ocrx_word' id='word_1_182' title='bbox 1158 2493 1225 2558; x_wconf 93' lang='lat' dir='ltr'>quo</span> <span class='ocrx_word' id='word_1_183' title='bbox 1250 2473 1433 2558; x_wconf 87' lang='lat' dir='ltr'>plurimum</span> <span class='ocrx_word' id='word_1_184' title='bbox 1544 2483 1545 2558; x_wconf 84' lang='lat'><em>]</em></span> 
     </span>
     <span class='ocr_line' id='line_1_22' title="bbox 333 2576 1545 2661; baseline 0.001 -18"><span class='ocrx_word' id='word_1_185' title='bbox 333 2578 482 2645; x_wconf 89' lang='lat' dir='ltr'>floruisse</span> <span class='ocrx_word' id='word_1_186' title='bbox 504 2578 625 2643; x_wconf 91' lang='lat' dir='ltr'>dicitur</span> <span class='ocrx_word' id='word_1_187' title='bbox 646 2576 791 2661; x_wconf 87' lang='lat' dir='ltr'>dignitas</span> <span class='ocrx_word' id='word_1_188' title='bbox 807 2586 841 2642; x_wconf 88' lang='lat' dir='ltr'>et</span> <span class='ocrx_word' id='word_1_189' title='bbox 863 2577 1001 2642; x_wconf 89' lang='lat' dir='ltr'>scientia</span> <span class='ocrx_word' id='word_1_190' title='bbox 1022 2577 1185 2657; x_wconf 85' lang='lat' dir='ltr'>scaccarii,</span> <span class='ocrx_word' id='word_1_191' title='bbox 1199 2585 1235 2642; x_wconf 92' lang='lat' dir='ltr'>et</span> <span class='ocrx_word' id='word_1_192' title='bbox 1256 2579 1430 2644; x_wconf 87' lang='lat' dir='ltr'>inuentum</span> <span class='ocrx_word' id='word_1_193' title='bbox 1544 2587 1545 2636; x_wconf 72' lang='lat'>1</span> 
     </span>
     <span class='ocr_line' id='line_1_23' title="bbox 332 2681 1545 2768; baseline -0.003 -18"><span class='ocrx_word' id='word_1_194' title='bbox 332 2695 384 2750; x_wconf 90' lang='lat' dir='ltr'>est</span> <span class='ocrx_word' id='word_1_195' title='bbox 397 2683 520 2768; x_wconf 91' lang='lat' dir='ltr'>aliquid</span> <span class='ocrx_word' id='word_1_196' title='bbox 536 2681 626 2766; x_wconf 90' lang='lat' dir='ltr'>quod</span> <span class='ocrx_word' id='word_1_197' title='bbox 642 2683 797 2765; x_wconf 88' lang='lat' dir='ltr'>episcopo</span> <span class='ocrx_word' id='word_1_198' title='bbox 811 2681 855 2745; x_wconf 90' lang='lat' dir='ltr'>de</span> <span class='ocrx_word' id='word_1_199' title='bbox 869 2681 1030 2763; x_wconf 88' lang='lat' dir='ltr'>dignitate</span> <span class='ocrx_word' id='word_1_200' title='bbox 1045 2681 1259 2746; x_wconf 90' lang='lat' dir='ltr'>residentium</span> <span class='ocrx_word' id='word_1_201' title='bbox 1271 2681 1430 2768; x_wconf 84' lang='lat' dir='ltr'>alleganti</span> <span class='ocrx_word' id='word_1_202' title='bbox 1544 2743 1545 2746; x_wconf 74' lang='grc'>,</span> 
     </span>
     <span class='ocr_line' id='line_1_24' title="bbox 296 2782 1545 2869; baseline -0.002 -15"><span class='ocrx_word' id='word_1_203' title='bbox 296 2809 319 2861; x_wconf 76' lang='lat' dir='ltr'>p</span> <span class='ocrx_word' id='word_1_204' title='bbox 332 2808 514 2855; x_wconf 91' lang='lat' dir='ltr'>consonum</span> <span class='ocrx_word' id='word_1_205' title='bbox 529 2787 711 2853; x_wconf 90' lang='lat' dir='ltr'>videbatur.</span> <span class='ocrx_word' id='word_1_206' title='bbox 772 2782 903 2868; x_wconf 85' lang='lat' dir='ltr'>Quibus</span> <span class='ocrx_word' id='word_1_207' title='bbox 918 2784 1041 2850; x_wconf 89' lang='lat' dir='ltr'>auditis</span> <span class='ocrx_word' id='word_1_208' title='bbox 1059 2786 1228 2869; x_wconf 89' lang='lat' dir='ltr'>paulisper</span> <span class='ocrx_word' id='word_1_209' title='bbox 1242 2785 1434 2852; x_wconf 81' lang='lat' dir='ltr'>deliberans</span> <span class='ocrx_word' id='word_1_210' title='bbox 1544 2783 1545 2864; x_wconf 60' lang='lat' dir='ltr'>i</span> 
     </span>
     <span class='ocr_line' id='line_1_25' title="bbox 332 2888 1432 2975; baseline -0.003 -17"><span class='ocrx_word' id='word_1_211' title='bbox 332 2913 443 2958; x_wconf 88' lang='lat' dir='ltr'>secum</span> <span class='ocrx_word' id='word_1_212' title='bbox 458 2912 570 2959; x_wconf 88' lang='lat' dir='ltr'>comes</span> <span class='ocrx_word' id='word_1_213' title='bbox 584 2891 631 2956; x_wconf 91' lang='lat' dir='ltr'>sic</span> <span class='ocrx_word' id='word_1_214' title='bbox 643 2890 691 2956; x_wconf 91' lang='lat' dir='ltr'>ait</span> <span class='ocrx_word' id='word_1_215' title='bbox 704 2891 843 2955; x_wconf 86' lang='lat' dir='ltr'>‘Fateor</span> <span class='ocrx_word' id='word_1_216' title='bbox 854 2909 909 2954; x_wconf 89' lang='lat' dir='ltr'>me</span> <span class='ocrx_word' id='word_1_217' title='bbox 922 2909 1022 2972; x_wconf 86' lang='lat' dir='ltr'>super</span> <span class='ocrx_word' id='word_1_218' title='bbox 1035 2888 1099 2954; x_wconf 90' lang='lat' dir='ltr'>biis</span> <span class='ocrx_word' id='word_1_219' title='bbox 1110 2888 1211 2954; x_wconf 91' lang='lat' dir='ltr'>breue</span> <span class='ocrx_word' id='word_1_220' title='bbox 1226 2891 1311 2973; x_wconf 87' lang='lat' dir='ltr'>regis</span> <span class='ocrx_word' id='word_1_221' title='bbox 1323 2891 1432 2975; x_wconf 91' lang='lat' dir='ltr'>impe-</span> 
     </span>
     <span class='ocr_line' id='line_1_26' title="bbox 287 2983 1545 3075; baseline 0.002 -13"><span class='ocrx_word' id='word_1_222' title='bbox 287 3014 318 3068; x_wconf 77' lang='lat'>²5</span> <span class='ocrx_word' id='word_1_223' title='bbox 332 3006 445 3075; x_wconf 86' lang='lat' dir='ltr'>trasse,</span> <span class='ocrx_word' id='word_1_224' title='bbox 459 3017 525 3062; x_wconf 90' lang='lat' dir='ltr'>non</span> <span class='ocrx_word' id='word_1_225' title='bbox 536 3005 573 3060; x_wconf 90' lang='lat' dir='ltr'>vt</span> <span class='ocrx_word' id='word_1_226' title='bbox 584 2995 634 3060; x_wconf 91' lang='lat' dir='ltr'>ius</span> <span class='ocrx_word' id='word_1_227' title='bbox 644 3003 791 3060; x_wconf 89' lang='lat' dir='ltr'>vestrum</span> <span class='ocrx_word' id='word_1_228' title='bbox 803 2991 1012 3067; x_wconf 87' lang='lat' dir='ltr'>infirmarem,</span> <span class='ocrx_word' id='word_1_229' title='bbox 1023 3001 1074 3057; x_wconf 89' lang='lat' dir='ltr'>set</span> <span class='ocrx_word' id='word_1_230' title='bbox 1085 3001 1123 3057; x_wconf 90' lang='lat' dir='ltr'>vt</span> <span class='ocrx_word' id='word_1_231' title='bbox 1137 2993 1264 3059; x_wconf 90' lang='lat' dir='ltr'>sicsine</span> <span class='ocrx_word' id='word_1_232' title='bbox 1276 2992 1432 3062; x_wconf 85' lang='lat' dir='ltr'>molestia</span> <span class='ocrx_word' id='word_1_233' title='bbox 1544 2983 1545 3064; x_wconf 73' lang='lat' dir='ltr'>i</span> 
     </span>
     <span class='ocr_line' id='line_1_27' title="bbox 330 3094 1545 3184; baseline -0.002 -19"><span class='ocrx_word' id='word_1_234' title='bbox 330 3099 530 3166; x_wconf 88' lang='lat' dir='ltr'>declinarem</span> <span class='ocrx_word' id='word_1_235' title='bbox 569 3099 780 3184; x_wconf 90' lang='lat' dir='ltr'>inportunam</span> <span class='ocrx_word' id='word_1_236' title='bbox 821 3095 928 3175; x_wconf 89' lang='lat' dir='ltr'>nimis,</span> <span class='ocrx_word' id='word_1_237' title='bbox 960 3094 1030 3182; x_wconf 86' lang='lat' dir='ltr'>regi</span> <span class='ocrx_word' id='word_1_238' title='bbox 1066 3105 1179 3162; x_wconf 89' lang='lat' dir='ltr'>tamen</span> <span class='ocrx_word' id='word_1_239' title='bbox 1216 3098 1430 3183; x_wconf 87' lang='lat' dir='ltr'>incognitam,</span> <span class='ocrx_word' id='word_1_240' title='bbox 1544 3137 1545 3176; x_wconf 58' lang='lat'>2</span> 
     </span>
    </p>
   </div>
   <div class='ocr_carea' id='block_1_9' title="bbox 330 3198 1431 3287">
    <p class='ocr_par' dir='ltr' id='par_1_9' title="bbox 330 3179 1545 3298">
     <span class='ocr_line' id='line_1_28' title="bbox 330 3198 1431 3287; baseline 0.002 -20"><span class='ocrx_word' id='word_1_241' title='bbox 330 3201 528 3267; x_wconf 90' lang='lat' dir='ltr'>Alaniorum</span> <span class='ocrx_word' id='word_1_242' title='bbox 550 3198 779 3268; x_wconf 65' lang='lat' dir='ltr'>exactionem!</span> <span class='ocrx_word' id='word_1_243' title='bbox 825 3199 998 3267; x_wconf 90' lang='lat' dir='ltr'>Abdicans</span> <span class='ocrx_word' id='word_1_244' title='bbox 1019 3220 1099 3286; x_wconf 86' lang='lat' dir='ltr'>ergo</span> <span class='ocrx_word' id='word_1_245' title='bbox 1125 3203 1226 3267; x_wconf 90' lang='lat' dir='ltr'>breue</span> <span class='ocrx_word' id='word_1_246' title='bbox 1251 3223 1348 3268; x_wconf 89' lang='lat' dir='ltr'>suum</span> <span class='ocrx_word' id='word_1_247' title='bbox 1368 3225 1431 3287; x_wconf 90' lang='lat' dir='ltr'>per</span> 
     </span>
    </p>
   </div>
   <div class='ocr_carea' id='block_1_10' title="bbox 284 3301 1545 4014">
    <p class='ocr_par' dir='ltr' id='par_1_10' title="bbox 284 3301 1545 4014">
     <span class='ocr_line' id='line_1_29' title="bbox 330 3301 1545 3392; baseline 0.006 -24"><span class='ocrx_word' id='word_1_248' title='bbox 330 3303 516 3370; x_wconf 88' lang='lat' dir='ltr'>libertatem</span> <span class='ocrx_word' id='word_1_249' title='bbox 533 3307 684 3371; x_wconf 87' lang='lat' dir='ltr'>sessionis</span> <span class='ocrx_word' id='word_1_250' title='bbox 700 3305 860 3390; x_wconf 87' lang='lat' dir='ltr'>preelegit</span> <span class='ocrx_word' id='word_1_251' title='bbox 870 3305 1008 3371; x_wconf 82' lang='lat' dir='ltr'>absolui</span> <span class='ocrx_word' id='word_1_252' title='bbox 1054 3304 1260 3372; x_wconf 88' lang='lat' dir='ltr'>Succedente</span> <span class='ocrx_word' id='word_1_253' title='bbox 1274 3318 1431 3392; x_wconf 87' lang='lat' dir='ltr'>tempore</span> <span class='ocrx_word' id='word_1_254' title='bbox 1544 3301 1545 3304; x_wconf 45' lang='lat'>&#39;</span> 
     </span>
     <span class='ocr_line' id='line_1_30' title="bbox 329 3409 1545 3496; baseline 0.007 -22"><span class='ocrx_word' id='word_1_255' title='bbox 329 3430 406 3474; x_wconf 92' lang='lat' dir='ltr'>cum</span> <span class='ocrx_word' id='word_1_256' title='bbox 433 3409 599 3493; x_wconf 86' lang='lat' dir='ltr'>predictus</span> <span class='ocrx_word' id='word_1_257' title='bbox 628 3411 802 3496; x_wconf 89' lang='lat' dir='ltr'>episcopus</span> <span class='ocrx_word' id='word_1_258' title='bbox 825 3409 1017 3476; x_wconf 87' lang='lat' dir='ltr'>infirmitate</span> <span class='ocrx_word' id='word_1_259' title='bbox 1041 3412 1196 3477; x_wconf 90' lang='lat' dir='ltr'>detentus</span> <span class='ocrx_word' id='word_1_260' title='bbox 1220 3414 1336 3479; x_wconf 88' lang='lat' dir='ltr'>adesse</span> <span class='ocrx_word' id='word_1_261' title='bbox 1360 3435 1431 3482; x_wconf 90' lang='lat' dir='ltr'>non</span> <span class='ocrx_word' id='word_1_262' title='bbox 1544 3437 1545 3458; x_wconf 60' lang='lat'><strong>³</strong></span> 
     </span>
     <span class='ocr_line' id='line_1_31' title="bbox 284 3513 1545 3602; baseline 0.007 -24"><span class='ocrx_word' id='word_1_263' title='bbox 284 3541 317 3599; x_wconf 78' lang='lat'>³0</span> <span class='ocrx_word' id='word_1_264' title='bbox 330 3523 451 3598; x_wconf 89' lang='lat' dir='ltr'>posset,</span> <span class='ocrx_word' id='word_1_265' title='bbox 477 3534 531 3578; x_wconf 90' lang='lat' dir='ltr'>me</span> <span class='ocrx_word' id='word_1_266' title='bbox 558 3513 632 3596; x_wconf 92' lang='lat' dir='ltr'>ipso</span> <span class='ocrx_word' id='word_1_267' title='bbox 655 3515 831 3599; x_wconf 90' lang='lat' dir='ltr'>supplente</span> <span class='ocrx_word' id='word_1_268' title='bbox 855 3516 899 3581; x_wconf 89' lang='lat' dir='ltr'>ad</span> <span class='ocrx_word' id='word_1_269' title='bbox 922 3516 1121 3580; x_wconf 87' lang='lat' dir='ltr'>scaccarium</span> <span class='ocrx_word' id='word_1_270' title='bbox 1146 3517 1236 3582; x_wconf 90' lang='lat' dir='ltr'>vices</span> <span class='ocrx_word' id='word_1_271' title='bbox 1263 3518 1368 3602; x_wconf 89' lang='lat' dir='ltr'>ipsius</span> <span class='ocrx_word' id='word_1_272' title='bbox 1394 3521 1430 3586; x_wconf 90' lang='lat' dir='ltr'>in</span> <span class='ocrx_word' id='word_1_273' title='bbox 1544 3519 1545 3600; x_wconf 65' lang='lat' dir='ltr'>J</span> 
     </span>
     <span class='ocr_line' id='line_1_32' title="bbox 328 3617 1431 3707; baseline 0.009 -25"><span class='ocrx_word' id='word_1_274' title='bbox 328 3617 447 3702; x_wconf 90' lang='lat' dir='ltr'>quibus</span> <span class='ocrx_word' id='word_1_275' title='bbox 476 3628 638 3703; x_wconf 88' lang='lat' dir='ltr'>poteram,</span> <span class='ocrx_word' id='word_1_276' title='bbox 667 3619 806 3703; x_wconf 89' lang='lat' dir='ltr'>contigit</span> <span class='ocrx_word' id='word_1_277' title='bbox 840 3629 964 3686; x_wconf 89' lang='lat' dir='ltr'>essarta</span> <span class='ocrx_word' id='word_1_278' title='bbox 992 3617 1084 3686; x_wconf 89' lang='lat' dir='ltr'>solui.</span> <span class='ocrx_word' id='word_1_279' title='bbox 1141 3620 1229 3687; x_wconf 89' lang='lat' dir='ltr'>Cum</span> <span class='ocrx_word' id='word_1_280' title='bbox 1266 3643 1350 3707; x_wconf 87' lang='lat' dir='ltr'>ergo</span> <span class='ocrx_word' id='word_1_281' title='bbox 1383 3627 1431 3693; x_wconf 89' lang='lat' dir='ltr'>de</span> 
     </span>
     <span class='ocr_line' id='line_1_33' title="bbox 327 3713 1545 3810; baseline 0.007 -22"><span class='ocrx_word' id='word_1_282' title='bbox 327 3723 477 3788; x_wconf 90' lang='lat' dir='ltr'>dominio</span> <span class='ocrx_word' id='word_1_283' title='bbox 497 3723 566 3789; x_wconf 88' lang='lat' dir='ltr'>eius</span> <span class='ocrx_word' id='word_1_284' title='bbox 580 3733 701 3789; x_wconf 83' lang='lat' dir='ltr'>exacta</span> <span class='ocrx_word' id='word_1_285' title='bbox 722 3723 935 3802; x_wconf 84' lang='lat' dir='ltr'>soluerentur,</span> <span class='ocrx_word' id='word_1_286' title='bbox 952 3734 1089 3808; x_wconf 87' lang='lat' dir='ltr'>questus</span> <span class='ocrx_word' id='word_1_287' title='bbox 1111 3745 1184 3790; x_wconf 92' lang='lat' dir='ltr'>sum</span> <span class='ocrx_word' id='word_1_288' title='bbox 1204 3726 1238 3790; x_wconf 91' lang='lat' dir='ltr'>in</span> <span class='ocrx_word' id='word_1_289' title='bbox 1258 3727 1431 3810; x_wconf 87' lang='lat' dir='ltr'>publicum</span> <span class='ocrx_word' id='word_1_290' title='bbox 1544 3713 1545 3782; x_wconf 39' lang='lat' dir='ltr'>i</span> 
     </span>
     <span class='ocr_line' id='line_1_34' title="bbox 328 3824 1429 3912; baseline 0.004 -20"><span class='ocrx_word' id='word_1_291' title='bbox 328 3824 475 3910; x_wconf 88' lang='lat' dir='ltr'>allegans</span> <span class='ocrx_word' id='word_1_292' title='bbox 490 3825 541 3890; x_wconf 89' lang='lat' dir='ltr'>ius</span> <span class='ocrx_word' id='word_1_293' title='bbox 555 3825 777 3894; x_wconf 86' lang='lat' dir='ltr'>absolutionis.</span> <span class='ocrx_word' id='word_1_294' title='bbox 824 3827 878 3893; x_wconf 90' lang='lat' dir='ltr'>De</span> <span class='ocrx_word' id='word_1_295' title='bbox 897 3827 1064 3894; x_wconf 89' lang='lat' dir='ltr'>communi</span> <span class='ocrx_word' id='word_1_296' title='bbox 1081 3847 1162 3912; x_wconf 91' lang='lat' dir='ltr'>ergo</span> <span class='ocrx_word' id='word_1_297' title='bbox 1183 3830 1332 3894; x_wconf 90' lang='lat' dir='ltr'>omnium</span> <span class='ocrx_word' id='word_1_298' title='bbox 1347 3851 1429 3897; x_wconf 87' lang='lat' dir='ltr'>con·</span> 
     </span>
     <span class='ocr_line' id='line_1_35' title="bbox 328 3927 1545 4014; baseline 0.005 -17"><span class='ocrx_word' id='word_1_299' title='bbox 328 3930 403 3997; x_wconf 88' lang='lat' dir='ltr'>silio</span> <span class='ocrx_word' id='word_1_300' title='bbox 418 3939 452 3995; x_wconf 92' lang='lat' dir='ltr'>et</span> <span class='ocrx_word' id='word_1_301' title='bbox 472 3927 741 4014; x_wconf 87' lang='lat' dir='ltr'>consideratione,</span> <span class='ocrx_word' id='word_1_302' title='bbox 755 3950 822 4014; x_wconf 88' lang='lat' dir='ltr'>que</span> <span class='ocrx_word' id='word_1_303' title='bbox 840 3933 907 3996; x_wconf 90' lang='lat' dir='ltr'>iam</span> <span class='ocrx_word' id='word_1_304' title='bbox 924 3929 1034 3998; x_wconf 90' lang='lat' dir='ltr'>soluta</span> <span class='ocrx_word' id='word_1_305' title='bbox 1053 3930 1162 3998; x_wconf 86' lang='lat' dir='ltr'>luerat</span> <span class='ocrx_word' id='word_1_306' title='bbox 1177 3933 1256 3998; x_wconf 88' lang='lat' dir='ltr'>mihi</span> <span class='ocrx_word' id='word_1_307' title='bbox 1275 3934 1431 4002; x_wconf 85' lang='lat' dir='ltr'>restituta</span> <span class='ocrx_word' id='word_1_308' title='bbox 1544 3931 1545 3966; x_wconf 61' lang='lat'>³</span> 
     </span>
    </p>
   </div>
   <div class='ocr_carea' id='block_1_11' title="bbox 328 4126 1434 4269">
    <p class='ocr_par' dir='ltr' id='par_1_11' title="bbox 328 4126 1434 4269">
     <span class='ocr_line' id='line_1_36' title="bbox 365 4126 1434 4201; baseline 0.005 -17"><span class='ocrx_word' id='word_1_309' title='bbox 365 4128 592 4185; x_wconf 67' lang='lat' dir='ltr'>ratiarnam?</span> <span class='ocrx_word' id='word_1_310' title='bbox 644 4127 800 4198; x_wconf 72' lang='lat' dir='ltr'>nterrisc</span> <span class='ocrx_word' id='word_1_311' title='bbox 844 4126 1043 4201; x_wconf 73' lang='lat' dir='ltr'>spro1perR</span> <span class='ocrx_word' id='word_1_312' title='bbox 1095 4139 1287 4196; x_wconf 71' lang='lat' dir='ltr'>nomnesstu</span> <span class='ocrx_word' id='word_1_313' title='bbox 1322 4131 1434 4190; x_wconf 86' lang='lat' dir='ltr'>bantC</span> 
     </span>
     <span class='ocr_line' id='line_1_37' title="bbox 328 4200 1430 4269; baseline 0.005 -14"><span class='ocrx_word' id='word_1_314' title='bbox 328 4200 544 4269; x_wconf 79' lang='lat' dir='ltr'>9NichellusC</span> <span class='ocrx_word' id='word_1_315' title='bbox 590 4201 806 4256; x_wconf 79' lang='lat' dir='ltr'>lotuncom.R</span> <span class='ocrx_word' id='word_1_316' title='bbox 866 4213 899 4268; x_wconf 89' lang='lat'>14</span> <span class='ocrx_word' id='word_1_317' title='bbox 911 4200 1015 4255; x_wconf 86' lang='lat' dir='ltr'>amodo</span> <span class='ocrx_word' id='word_1_318' title='bbox 1026 4200 1120 4254; x_wconf 66' lang='lat' dir='ltr'>onan</span> <span class='ocrx_word' id='word_1_319' title='bbox 1175 4213 1207 4268; x_wconf 88' lang='lat'>17</span> <span class='ocrx_word' id='word_1_320' title='bbox 1220 4201 1291 4256; x_wconf 82' lang='lat' dir='ltr'>abso</span> <span class='ocrx_word' id='word_1_321' title='bbox 1301 4203 1430 4260; x_wconf 83' lang='lat' dir='ltr'>itationis</span> 
     </span>
    </p>
   </div>
   <div class='ocr_carea' id='block_1_12' title="bbox 327 4269 1545 4340">
    <p class='ocr_par' dir='ltr' id='par_1_12' title="bbox 327 4269 1545 4340">
     <span class='ocr_line' id='line_1_38' title="bbox 327 4269 1545 4340; baseline 0.007 -16"><span class='ocrx_word' id='word_1_322' title='bbox 327 4271 364 4324; x_wconf 90' lang='grc' dir='ltr'><em>Ν</em></span> <span class='ocrx_word' id='word_1_323' title='bbox 423 4283 456 4340; x_wconf 92' lang='lat'>19</span> <span class='ocrx_word' id='word_1_324' title='bbox 473 4269 633 4326; x_wconf 83' lang='lat' dir='ltr'>validusN</span> <span class='ocrx_word' id='word_1_325' title='bbox 686 4269 1058 4340; x_wconf 80' lang='lat' dir='ltr'>ualidius...regisom.R</span> <span class='ocrx_word' id='word_1_326' title='bbox 1110 4283 1144 4326; x_wconf 79' lang='lat'>21</span> <span class='ocrx_word' id='word_1_327' title='bbox 1162 4281 1191 4328; x_wconf 89' lang='lat' dir='ltr'>et</span> <span class='ocrx_word' id='word_1_328' title='bbox 1203 4278 1270 4326; x_wconf 82' lang='lat' dir='ltr'>ante</span> <span class='ocrx_word' id='word_1_329' title='bbox 1282 4270 1429 4332; x_wconf 82' lang='lat' dir='ltr'>inuentum</span> <span class='ocrx_word' id='word_1_330' title='bbox 1544 4275 1545 4300; x_wconf 64' lang='lat'>¹</span> 
     </span>
    </p>
   </div>
   <div class='ocr_carea' id='block_1_13' title="bbox 327 4341 1291 4413">
    <p class='ocr_par' dir='ltr' id='par_1_13' title="bbox 327 4341 1291 4413">
     <span class='ocr_line' id='line_1_39' title="bbox 327 4341 1291 4413; baseline 0.006 -20"><span class='ocrx_word' id='word_1_331' title='bbox 327 4341 420 4394; x_wconf 85' lang='lat' dir='ltr'>om.R</span> <span class='ocrx_word' id='word_1_332' title='bbox 485 4355 519 4396; x_wconf 83' lang='lat' dir='ltr'>aa</span> <span class='ocrx_word' id='word_1_333' title='bbox 537 4341 717 4413; x_wconf 87' lang='lat' dir='ltr'>quodom.R</span> <span class='ocrx_word' id='word_1_334' title='bbox 787 4355 823 4410; x_wconf 81' lang='lat'>24</span> <span class='ocrx_word' id='word_1_335' title='bbox 834 4358 880 4399; x_wconf 90' lang='lat' dir='ltr'>me</span> <span class='ocrx_word' id='word_1_336' title='bbox 891 4341 985 4400; x_wconf 77' lang='lat' dir='ltr'>onnR</span> <span class='ocrx_word' id='word_1_337' title='bbox 1055 4355 1090 4412; x_wconf 85' lang='lat'>30</span> <span class='ocrx_word' id='word_1_338' title='bbox 1108 4341 1291 4400; x_wconf 84' lang='lat' dir='ltr'>vicesom.R</span> 
     </span>
    </p>
   </div>
   <div class='ocr_carea' id='block_1_14' title="bbox 0 0 1552 4832">
    <p class='ocr_par' dir='ltr' id='par_1_14' title="bbox 0 0 1552 4832">
     <span class='ocr_line' id='line_1_40' title="bbox 0 0 1552 4832; baseline 0 0"><span class='ocrx_word' id='word_1_339' title='bbox 0 0 1552 4832; x_wconf 95' lang='lat' dir='ltr'> </span> 
     </span>
    </p>
   </div>
  </div>
 </body>
</html>
