3096 4832
349 321 413 388 106
715 318 782 386 ns:
805 317 1078 388 scnccnmo
1351 305 1383 410 [1
1399 313 1451 387 xn

388 491 585 578 Discipulus.
639 491 813 578 Numquid
844 493 879 558 in
910 490 1047 579 singulis
1078 493 1293 562 comitatibus
1322 495 1448 562 foresta

345 600 433 684 regis
453 601 528 664 est?

388 702 565 787 Magister.
609 701 698 783 Non,
715 708 768 768 set
781 701 814 767 in
829 701 1011 766 nemorosis
1025 700 1081 767 vbi
1096 711 1130 768 et
1148 701 1290 769 serarum
1305 701 1448 770 latibula

343 815 422 871 sunt
441 815 475 871 et
496 805 662 871 vberrima
682 825 814 889 pascua.
857 805 931 870 Nec
949 804 1086 872 interest
1105 806 1197 872 cuius
1217 808 1282 874 sint
1297 828 1447 888 nemora,

316 910 415 987 5siue
443 911 532 976 enim
558 911 646 995 regis
668 909 735 976 sint
760 911 832 975 siue
855 909 949 993 regni
972 928 1156 993 procerum,
1182 910 1305 977 liberos
1331 919 1446 978 tamen

343 1024 378 1080 et
393 1013 588 1099 indempnes
602 1012 728 1078 habent
743 1011 811 1078 iere
824 1013 1084 1094 circumquaque
1098 1013 1272 1079 discursus.

270 1105 330 1167 ι111
387 1115 523 1182 Essarta
532 1115 717 1200 verovulgo
726 1110 882 1182 dicuntur
896 1135 962 1198 que
972 1114 1063 1200 apud
1080 1113 1245 1181 Isidorum
1255 1115 1445 1183 occationes

342 1221 564 1299 nominantur,
590 1219 725 1304 quando
754 1215 886 1312 scilicet¹
907 1215 1030 1283 foreste
1058 1237 1194 1284 nemora
1221 1217 1275 1284 vel
1305 1220 1446 1285 dumeta

341 1323 489 1406 quelibet
510 1323 641 1409 pascuis
663 1330 697 1388 et
718 1319 864 1386 latibulis
885 1330 1048 1405 oportuna
1066 1321 1299 1401 succiduntur3
1321 1323 1444 1405 quibus

296 1457 329 1496 ιο
341 1426 473 1492 succisis
495 1435 530 1491 et
552 1425 707 1492 radicitus
729 1423 853 1490 auulsis
873 1433 962 1488 terra
983 1423 1186 1489 subuertitur
1208 1433 1242 1490 et
1267 1425 1442 1491 excolitur.

341 1525 443 1611 Quod
466 1529 494 1596 si
516 1549 652 1597 nemora
673 1527 721 1593 sic
743 1527 856 1592 excisa
877 1524 944 1591 sint
964 1534 1002 1590 vt
1023 1525 1208 1592 subsistens
1229 1527 1304 1610 quis
1325 1527 1359 1592 in
1381 1529 1442 1595 vix

339 1632 469 1699 extanti
488 1633 615 1699 succise
634 1649 773 1716 quercus
792 1629 845 1696 vel
865 1629 1001 1695 alterius
1023 1627 1150 1694 arboris
1168 1631 1282 1714 stipite
1299 1631 1443 1697 circum·

339 1735 516 1821 spiciensv.
526 1735 669 1801 succisas
678 1733 803 1812 viderit,
812 1743 944 1799 vastum
955 1741 1121 1818 reputant,
1130 1733 1193 1800 hoc
1201 1743 1253 1800 est
1262 1744 1441 1815 vastatum,

339 1859 398 1923 per
417 1841 588 1925 sincopam
605 1839 653 1905 sic
672 1838 809 1904 dictum.
856 1836 1026 1902 Excessus
1047 1847 1160 1903 autem
1181 1837 1266 1915 talis,
1282 1839 1385 1904 etiam
1405 1840 1438 1904 in

294 1971 324 2024 ¹⁵
339 1944 479 2028 propriis
494 1941 668 2008 cuiuslibet
687 1939 878 2007 nemoribus
897 1940 1013 2018 lactus,
1028 1939 1113 2006 adeo
1132 1940 1244 2024 grards
1261 1941 1383 2006 dicitur
1401 1952 1439 2008 vt

284 2099 286 2108 ,
338 2067 507 2130 nunquam
530 2048 608 2112 inde
630 2065 688 2130 per
709 2044 889 2110 sessionem
911 2043 1064 2110 scaccarii
1085 2043 1217 2110 liberari
1238 2044 1371 2121 debeat,
1386 2055 1438 2114 set

338 2149 445 2231 magis
473 2149 569 2214 iuxta
591 2148 641 2213 sui
659 2155 766 2214 status
789 2145 1053 2232 possibilitatem,
1074 2148 1297 2232 pecuniariter
1318 2149 1437 2233 puniri.

339 2251 514 2318 Hactenus
529 2253 572 2317 de
592 2253 808 2337 dignitatibus
828 2249 1045 2316 residencium
1064 2251 1109 2315 ad
1129 2251 1329 2317 scaccarium
1345 2253 1437 2336 quod

336 2356 482 2423 breuitas
493 2357 660 2422 succincta
674 2355 833 2440 permisit,
842 2365 876 2420 et
891 2353 996 2420 menti
1012 2373 1085 2420 mee
1099 2365 1237 2438 repente
1251 2377 1288 2421 se
1300 2357 1436 2434 obtulit,

264 2455 323 2531 ’πο
335 2469 514 2546 utcumque
529 2459 709 2546 figuraliter
724 2458 877 2543 exposui.
915 2457 1073 2524 Ceterum
1084 2477 1201 2543 regum
1214 2459 1439 2527 munificentie
1542 2499 1543 2511 κ

335 2565 513 2631 terminum
528 2565 562 2630 in
581 2564 654 2644 hiis,
669 2583 770 2647 quern
790 2583 857 2628 non
874 2561 1171 2645 transgrediantur,
1187 2581 1254 2628 non
1268 2563 1436 2631 constitui.
1541 2611 1542 2617 κ

336 2671 433 2736 Proui
449 2671 536 2737 enIm
549 2678 625 2734 sunt
640 2687 757 2732 omnes
769 2675 905 2750 propter
919 2665 1062 2750 gratiam
1073 2665 1136 2730 sibi
1148 2665 1307 2731 creditam
1323 2667 1358 2731 in
1373 2688 1437 2733 sue
1540 2697 1541 2723 r

334 2775 504 2860 dignitatis
528 2773 668 2858 gloriam
698 2771 971 2856 promouendam,
992 2770 1039 2834 hii
1060 2771 1234 2853 presertim
1256 2773 1315 2854 qui
1346 2781 1436 2838 recte

333 2879 475 2963 sapiunt.
522 2877 571 2942 At
594 2876 650 2942 ille
674 2874 819 2942 maxime
842 2874 1086 2939 mundanorum
1112 2873 1299 2957 principum
1326 2877 1437 2940 maxi·
1538 2883 1539 2886 ’

289 3011 319 3063 25
334 3004 417 3060 mus,
433 2981 566 3048 illustris
582 2979 772 3063 Anglorum
783 2999 844 3042 rex
862 2977 1027 3043 Henricus
1037 2979 1211 3055 secundus,
1223 2977 1257 3041 in
1273 2980 1435 3063 augendis

333 3085 547 3169 dignitatibus
561 3085 622 3150 sibi
637 3081 848 3148 militantium
859 3100 990 3164 semper
1004 3080 1137 3164 aspirat,
1148 3082 1254 3146 sciens
1266 3102 1328 3165 pro
1339 3093 1435 3158 certo

332 3189 423 3271 quod
441 3188 569 3253 indulta
583 3187 650 3253 suis
669 3184 829 3251 beneficia
849 3183 989 3250 nominis
1007 3185 1059 3249 sui
1074 3183 1216 3268 gloriam
1234 3187 1434 3252 immortalis

331 3289 419 3355 fame
447 3291 552 3356 titulis
582 3299 798 3356 emercantur.
844 3287 942 3353 Nunc
966 3287 1066 3371 igitur
1087 3289 1132 3353 ad
1160 3286 1225 3354 alia
1247 3299 1435 3356 currentem

331 3392 495 3458 calamum
509 3402 751 3460 conuertamus.

286 3527 319 3578 30
373 3494 568 3578 Discipulus.
614 3494 829 3577 Consequens
849 3501 909 3570 est,
925 3493 958 3558 ni
978 3491 1082 3573 fallor,
1104 3493 1190 3560 sicut
1210 3514 1255 3559 ex
1275 3497 1434 3578 predictis

330 3596 445 3662 videor
468 3598 677 3680 comperisse,
699 3607 737 3661 vt
766 3598 809 3661 de
839 3597 925 3681 regis
951 3595 1059 3681 sigillo
1084 3606 1120 3662 et
1146 3595 1233 3662 libro
1259 3597 1434 3676 iudiciario
1530 3587 1532 3594 ⁴

330 3701 546 3784 prosequaris,
567 3720 707 3783 quorum
729 3701 872 3784 primum
895 3701 922 3766 si
945 3701 1031 3766 bene
1056 3701 1193 3766 memini
1216 3701 1251 3766 in
1273 3701 1434 3769 thesauro

327 3812 481 3870 seruatur
495 3813 530 3868 et
547 3803 624 3869 inde
639 3823 706 3867 non
721 3803 856 3868 recedit.

372 3905 548 3990 Magister.
594 3906 704 3971 Immo
717 3915 752 3972 et
769 3915 954 3990 utrumque,
969 3916 1022 3973 set
1037 3916 1072 3974 et
1086 3907 1244 3993 pleraque
1258 3908 1335 3976 alia.

255 3993 317 4108 ἐξ
371 4008 516 4074 Noueris
525 4017 637 4075 autem
648 4007 838 4074 thesaurum
848 4011 1051 4095 quandoque
1061 4012 1125 4076 dici
1136 4012 1313 4095 pecuniam
1323 4011 1433 4098 ipsam

361 4204 440 4252 aest
451 4193 544 4251 mc
634 4192 747 4265 rsunt]
760 4192 817 4249 sint
828 4193 889 4250 NR
975 4195 1217 4264 yocoasionesN
1293 4209 1432 4266 osuoce-

326 4266 469 4322 dunturR
563 4279 597 4334 ¹4
615 4263 712 4338 eriam]
725 4265 793 4322 erC
890 4275 921 4336 ις
940 4267 1092 4337 muiusc
1191 4281 1224 4324 ar
1245 4269 1433 4329 constitutiR

325 4335 689 4407 23biipresertimom.N
753 4337 939 4408 31etom.R
1008 4339 1209 4408 34setom.c
