3096 4832
111 315 230 410 ΙιιῑΑ]
475 311 543 386 DE
565 317 839 390 scnccnmo
969 328 1204 390 10,

109 494 316 562 manifestum
340 502 401 573 ert,
419 492 590 579 presertim
613 512 688 558 cum
710 491 757 558 sic
780 491 888 559 modis
908 493 1071 574 omnibus,
1086 504 1123 562 vt
1144 495 1207 562 sibi

109 600 327 681 consulerent,
340 599 385 664 de
403 609 514 666 cetero
532 597 666 664 studere
681 604 873 664 tenerentur
887 598 1018 665 deuotis
1037 599 1205 684 obsequiis

108 703 319 770 dominorum
339 722 476 769 suorum
496 701 639 786 gratiam
658 701 826 770 emercari.
871 701 929 769 Sic
943 701 1044 787 igitur
1057 703 1206 788 quisquis
1245 739 1247 744 ·

106 807 147 872 de
173 818 279 890 gente
304 807 444 873 subacta
469 803 590 871 fundos
614 804 668 870 vel
693 803 820 888 aliquid
841 805 1028 872 huiusmodi
1050 808 1207 892 possidet,

107 929 172 976 non
186 912 282 994 quod
299 911 426 977 ratione
439 909 655 976 successionis
669 909 782 975 deberi
798 909 861 974 sibi
875 910 1050 977 videbatur
1064 913 1207 996 adeptus
1219 935 1235 988 5

108 1025 167 1094 ert,
183 1025 240 1082 set
253 1015 347 1099 quod
359 1013 580 1094 solummodo,
591 1013 718 1080 meritis
727 1013 796 1080 suis
807 1013 1018 1098 exigentibus
1029 1013 1083 1079 vel
1096 1015 1207 1099 aliqua

106 1119 262 1202 pactione
278 1119 527 1197 interueniente,
541 1117 696 1183 obtinuit.

146 1221 349 1307 Drlrcr'pulus.
394 1220 488 1306 Quid
502 1221 547 1287 sit
560 1220 744 1287 centuriata
757 1220 811 1287 vel
822 1221 1030 1287 hundredum
1047 1242 1114 1287 non
1128 1222 1207 1289 satis

102 1345 190 1392 nour.

145 1429 327 1514 Magister.
372 1428 507 1496 Sustine
527 1427 704 1504 modicum,
719 1427 803 1493 scies
820 1434 939 1512 postea
959 1425 1033 1492 loco
1050 1448 1112 1494 suo
1129 1423 1206 1517 [hoc
1221 1451 1252 1493 ro

105 1545 155 1600 est
180 1535 217 1600 in
242 1533 345 1601 titulo
370 1535 414 1600 de
437 1532 524 1598 libro
543 1529 737 1614 iudiciario}
782 1529 880 1596 Nunc
902 1549 1141 1614 prosequamur
1163 1532 1207 1599 de

105 1637 295 1724 danegeldo
306 1647 350 1714 et,
361 1646 399 1702 vt
413 1638 498 1702 ratio
508 1635 648 1702 nominis
659 1635 719 1700 tibi
730 1644 871 1712 constet,
880 1633 1049 1720 paulisper
1058 1636 1208 1704 aduerte.

235 1741 372 1808 ‘Insula
387 1749 501 1806 nostra
514 1739 581 1806 suis
598 1748 757 1806 contenta
775 1738 881 1814 bonis,
896 1740 1077 1822 peregrinis
1219 1717 1255 1847 ἲ

258 1842 339 1908 Non
358 1851 444 1926 eget,
457 1840 544 1906 hanc
561 1840 660 1926 igitur
675 1839 792 1904 merito
809 1837 925 1904 dixere
941 1838 1066 1921 priores

258 1945 461 2028 Diuitiisque
474 1944 581 2010 sinum
596 1943 786 2026 deliciisque
800 1940 924 2010 larem?

108 2048 246 2134 Propter
270 2050 335 2116 hoc
357 2050 546 2115 innumeras
568 2048 613 2114 ab
635 2050 761 2114 exteris
780 2049 911 2116 iniurias
934 2071 1032 2136 passa
1052 2061 1113 2130 est,
1128 2051 1207 2136 quia

107 2155 268 2238 scriptum
283 2161 334 2220 est
350 2153 492 2218 ‘Furem
505 2153 651 2236 pretiosa
665 2152 797 2237 signata
807 2153 1002 2223 sollicitant’
1059 2158 1206 2224 Circum-

107 2257 284 2325 iacentium
304 2257 392 2322 enim
407 2255 588 2322 insularum
610 2258 783 2340 predones,
799 2258 979 2344 irruptione
997 2261 1093 2343 sacta,
1107 2262 1205 2328 mari·

107 2360 186 2428 tima
216 2361 470 2446 depopulantes,
490 2380 620 2440 aurum,
641 2371 816 2445 argentum
841 2372 877 2429 et
904 2383 1036 2450 queque
1061 2366 1206 2450 pretiosa

106 2467 279 2533 tollebant.
323 2466 450 2531 Verum
464 2485 541 2531 cum
559 2486 619 2531 rex
634 2475 668 2532 et
684 2466 837 2552 indigene
852 2468 977 2535 bellicis
991 2468 1206 2554 apparatibus
1221 2491 1252 2527 πο

107 2569 256 2638 instructi
283 2571 316 2635 in
341 2590 400 2636 sue
422 2555 531 2654 gentis
556 2569 780 2636 defensionem
809 2571 980 2650 instarent,
1002 2571 1048 2637 illi
1071 2569 1206 2656 ‘sugas'

107 2675 386 2760 aggrediebantur
400 2671 600 2757 ‘equoreas’
637 2673 729 2740 Inter
742 2674 805 2741 hos
817 2675 930 2758 itaque
945 2697 1029 2760 pene
1044 2674 1207 2761 precipua,

107 2787 140 2842 et
153 2799 288 2864 semper
301 2777 434 2862 pronior
448 2779 492 2844 ad
506 2779 704 2856 nocendum,
718 2789 788 2844 erat
802 2777 958 2846 bellicosa
973 2778 1031 2844 illa
1047 2788 1082 2845 et
1099 2799 1207 2864 popu·

105 2879 175 2948 lom
190 2903 275 2967 gens
290 2882 470 2960 Dacorum,
482 2881 541 2966 qui
556 2891 668 2964 preter
686 2901 898 2947 communem
913 2891 1085 2966 raptorum
1100 2883 1206 2948 auari-

107 2985 187 3050 tiam
202 2987 312 3052 acrius
332 2985 510 3065 instabant,
524 2985 603 3068 quia
623 2983 749 3068 aliquid
772 2987 836 3052 sibi
858 2987 901 3052 de
923 2987 1061 3071 antiquo
1082 2987 1152 3052 iure
1172 2986 1208 3052 in
1221 3005 1253 3060 rs

106 3089 255 3155 eiusdem
286 3089 379 3173 regni
408 3088 634 3156 dominatione
662 3089 894 3170 vendicabant,
919 3091 1005 3156 sicut
1031 3091 1205 3156 Britonunr

105 3191 234 3275 plenius
248 3205 360 3260 narrat
374 3193 524 3260 historia..
562 3192 622 3258 Ad
643 3192 706 3259 hos
728 3193 828 3278 igitur
848 3195 1009 3260 arcendos
1030 3217 1052 3261 a
1074 3195 1207 3279 regibus

105 3294 260 3384 Anglicis
275 3306 438 3364 statutum
450 3306 502 3363 est
512 3307 549 3363 vt
560 3297 603 3362 de
614 3295 752 3380 singulis
766 3297 853 3363 hidis
867 3298 968 3382 regni,
980 3298 1050 3364 iure
1060 3299 1210 3382 quodam.

105 3411 278 3486 perpetuo,
298 3403 368 3468 duo
389 3401 485 3467 solidi
506 3401 655 3486 argentei
676 3399 884 3468 soluerentur
903 3403 937 3468 in
959 3423 1038 3468 vsus
1060 3402 1207 3468 virorum

104 3503 248 3584 lortium,
270 3505 328 3589 qui
349 3503 588 3590 perlustrantes
613 3514 649 3571 et
670 3504 789 3590 iugiter
812 3507 1018 3573 excubantes
1042 3506 1207 3572 maritima
1221 3524 1253 3577 to

105 3606 265 3694 impetum
295 3609 442 3675 hostium
471 3609 696 3693 reprimerent.
741 3607 829 3692 Quia
854 3609 954 3694 igitur
983 3610 1207 3695 principaliter

105 3735 165 3798 pro
176 3714 281 3780 Dacis
295 3715 468 3780 institutus
479 3723 530 3780 est
542 3713 596 3779 hic
610 3713 769 3795 redditus,
780 3713 1014 3799 Danegeldum
1025 3713 1078 3779 vel
1093 3715 1207 3780 Dane-

103 3817 221 3903 geldus
236 3817 368 3885 dicitur.
413 3817 481 3884 Hic
496 3817 597 3902 igitur
610 3837 720 3882 annua
735 3816 817 3902 lege,
828 3817 914 3885 sicut
928 3818 1055 3886 dictum
1070 3827 1130 3898 est,
1144 3818 1207 3883 sub

104 3922 267 4008 indigenis
277 3922 409 4006 regibus
419 3920 611 3987 soluebatur
620 3941 725 4004 vsque
735 3921 779 3988 ad
791 3932 941 4005 tempora
950 3923 1036 4006 regis
1047 3920 1206 3987 Willelmi

103 4027 201 4112 primi
224 4027 268 4091 de
289 4035 392 4111 gente
413 4035 447 4092 et
467 4045 588 4111 genere
612 4025 891 4091 Normannorum.
952 4025 1031 4112 ipso
1061 4041 1207 4106 namque
1219 4035 1253 4088 ss

141 4230 175 4272 10
190 4211 259 4286 luoc]
272 4215 318 4272 vel
328 4215 358 4270 R
467 4227 498 4272 11
518 4217 644 4286 suoport
653 4211 726 4270 libro
737 4213 802 4272 add.
816 4212 854 4269 C:
873 4212 1028 4283 sedpostea
1039 4206 1208 4267 cancellavit

103 4284 530 4358 23adnooendumproniorc
632 4284 778 4353 ryhocR
891 4280 1206 4355 3set1inRsedcom

102 4364 162 4418 exit
225 4361 296 4432 post
311 4355 505 4414 etadddeC
