3086 4822
316 317 359 382 ⁶0
684 311 752 379 nu
775 309 1048 380 scaccmuo
1217 311 1418 396 [1.1³R01..B

315 483 549 556 communibus
569 481 754 550 necessario
773 485 934 550 utendum
954 493 1006 550 est
1019 481 1127 550 verbis
1145 491 1183 548 ut
1203 483 1268 549 sint
1282 481 1420 566 cognati
1537 476 1538 562 l

315 609 485 656 sermones
509 587 607 654 rebus
636 588 680 653 de
708 586 828 671 quibus
858 586 1033 672 loquimur.
1078 587 1233 653 Preterea
1260 586 1420 670 quamuis
1537 669 1538 684 χ

315 692 512 778 plerumnque
527 712 614 757 noua
632 691 729 758 liceat
744 690 879 756 nomina
893 689 1026 776 fingere,
1040 710 1122 774 rogo
1137 699 1249 756 tamen
1263 690 1291 754 si
1306 689 1421 776 placet

315 808 352 862 vt
366 796 494 862 usitatis
515 815 623 860 rerum
643 795 791 880 ipsarum
805 793 986 874 vocabulis,
1001 815 1066 878 que
1083 794 1127 860 ad
1148 793 1307 878 placitum
1328 803 1422 873 sunt,

287 901 364 982 ,vti
393 921 461 967 non
489 900 626 984 pudeat,
655 919 715 964 nec
745 917 835 965 noua
861 898 1037 965 difficultas
1066 920 1111 964 ex
1140 897 1277 964 insolitis
1305 899 1422 966 verbis
1538 907 1539 982 l

315 1005 434 1071 oborta
448 1002 591 1088 amplius
609 1000 798 1088 perturbet’
844 1000 933 1067 Tum
949 1021 1024 1086 ego,
1039 1001 1155 1069 ‘Sensi
1171 1012 1205 1068 te
1219 1004 1350 1082 iratum,
1368 1012 1424 1070 set
1538 999 1539 1084 j

314 1106 521 1191 animequior
535 1114 627 1186 esto;
650 1104 768 1170 faciam
785 1106 875 1189 quod
890 1105 1041 1172 hortaris
1079 1104 1229 1192 Surgens
1242 1125 1323 1190 ergo
1338 1108 1423 1172 sede

314 1233 360 1278 ex
387 1212 529 1279 adesso
555 1217 590 1274 et
612 1210 654 1275 de
675 1208 741 1274 hiis
762 1209 819 1292 qui
840 1220 876 1276 te
898 1209 1072 1277 offendunt
1094 1210 1269 1293 interroga.
1314 1209 1423 1294 Quod

313 1315 425 1401 siquid
437 1314 624 1381 inauditum
635 1314 846 1400 proposueris
862 1333 929 1379 non
944 1313 1102 1380 erubesco
1117 1313 1225 1380 dicere
1239 1316 1257 1346 “
1267 1313 1299 1377 N
1301 1313 1424 1394 escio‚'¹
1539 1362 1540 1416 q

274 1451 305 1488 ιο
316 1429 368 1486 set
397 1418 636 1485 conueniamus
662 1417 766 1483 ambo
795 1417 1021 1484 disoetiores:
1066 1417 1113 1483 Et
1143 1417 1207 1496 ille,
1230 1415 1310 1482 ‘Ad
1337 1426 1425 1483 vota

320 1523 509 1609 respondes.
564 1519 660 1588 Licet
689 1530 802 1587 autem
832 1521 937 1604 turpis
965 1529 1001 1586 et
1030 1521 1166 1586 ridicula
1196 1541 1246 1586 res
1275 1522 1320 1585 sit
1351 1520 1424 1588 ele·

317 1627 500 1692 mentarius
522 1645 636 1702 senex,
658 1624 703 1688 ab
724 1623 807 1709 ipsis
829 1633 942 1689 tamen
966 1624 1136 1691 elementis
1157 1625 1332 1709 incipiam!

278 1705 303 1835 ἐ
359 1728 555 1813 Dsscipalas.
602 1726 694 1811 Quid
709 1737 760 1793 est
775 1728 998 1794 scaccarium?

359 1832 533 1918 Magister.
571 1829 778 1898 Scaccarium
794 1831 911 1898 tabula
924 1829 1154 1918 quadrangula
1169 1842 1219 1898 est
1232 1852 1298 1916 que
1312 1831 1424 1922 longi-

271 1963 302 2014 15
316 1937 440 2004 tudinis
469 1934 565 2021 quasi
590 1957 626 2002 x.
650 1937 784 2019 pedum,
805 1934 989 2002 latitudinis
1016 1958 1049 2001 v.
1072 1937 1115 2002 ad
1138 1938 1275 2003 modum
1305 1959 1425 2005 mense
1540 1993 1541 2014 ,

315 2040 629 2108 circumsedentibus
640 2041 795 2126 apposita
805 2041 950 2124 vndique
962 2039 1065 2106 habet
1079 2040 1219 2106 limbum
1234 2040 1426 2108 altitudinis

315 2143 411 2228 quasi
433 2142 487 2208 iiii.
510 2142 690 2228 digitorum
712 2163 755 2208 ne
777 2145 859 2228 quid
881 2143 1072 2230 appositum
1096 2145 1241 2211 excidat
1294 2143 1425 2230 Super·

316 2246 450 2331 ponitur
478 2256 591 2312 autem
625 2247 790 2314 scaccario
824 2241 1016 2336 [superiori]
1049 2267 1177 2334 pannus
1210 2249 1243 2312 in
1275 2251 1425 2316 termino

317 2351 420 2417 Pasce
445 2359 589 2434 emptus,
611 2370 677 2415 non
708 2349 858 2435 quilibet,
885 2351 945 2416 sed
979 2352 1072 2436 niger
1100 2352 1201 2435 virgis
1232 2351 1425 2432 distinctus,
1541 2410 1542 2418 ,

269 2483 304 2518 20
316 2453 515 2519 distantibus
535 2472 557 2517 a
574 2473 611 2519 se
624 2453 725 2538 virgis
741 2453 794 2520 vel
816 2455 912 2537 pedis
934 2454 989 2522 vel
1010 2454 1121 2539 palme
1143 2465 1280 2522 exteute
1298 2459 1426 2542 spatio.

316 2558 356 2623 In
375 2557 494 2642 spatiis
513 2567 626 2624 autem
646 2555 762 2624 calculi
782 2557 866 2624 fiunt
884 2559 980 2624 iuxta
1000 2559 1132 2624 ordines
1146 2579 1224 2626 suos
1238 2560 1282 2627 de
1296 2563 1426 2646 quibus

314 2659 396 2730 alias
409 2663 548 2728 dicetur.
592 2660 688 2728 Licet
708 2669 820 2726 autem
839 2662 954 2729 tabula
973 2661 1049 2730 talis
1068 2663 1265 2730 scaccarium
1279 2666 1426 2745 dicatur,

304 2767 528 2832 ‘transimitur
549 2775 662 2831 tamen
683 2764 748 2831 hoc
768 2785 893 2832 nomen
914 2775 951 2832 vt
978 2767 1050 2851 ipsa
1073 2787 1207 2852 quoque
1230 2769 1333 2848 curia,
1357 2791 1427 2856 que

314 2871 515 2938 consedente
524 2869 689 2934 scaccario
708 2877 769 2946 est,
785 2869 987 2936 scaccarium
1001 2870 1141 2951 dicatur,
1152 2871 1237 2936 adeo
1252 2879 1290 2936 ut
1306 2873 1426 2958 siquis

272 2997 301 3048 25
315 2994 375 3057 per
394 2973 595 3038 senteutiam
612 2971 741 3056 aliquid
761 2972 1021 3048 obtinuerit,ch
1041 2973 1166 3058 aliquid
1185 2975 1228 3039 de
1249 2978 1427 3043 communi

314 3077 450 3143 consilio
474 3075 572 3142 luerit
595 3077 823 3155 constitutum,
846 3075 977 3141 dicatur
1002 3075 1126 3143 sactum
1150 3079 1194 3143 ad
1217 3081 1427 3146 scaccarium

314 3178 401 3244 illius
422 3177 475 3244 vel
496 3176 583 3242 illius
603 3179 690 3245 anni.
734 3177 835 3262 Quod
858 3189 971 3245 autem
998 3179 1098 3246 hodie
1121 3181 1242 3248 dicitur
1263 3182 1307 3247 ad
1330 3204 1427 3250 scac-

314 3279 438 3348 carium
454 3279 533 3345 olim
549 3281 720 3346 dicebatur
734 3283 778 3348 ad
794 3283 909 3348 taleas.

357 3381 552 3466 Discipulm.
598 3383 675 3468 Que
686 3395 739 3450 est
755 3387 840 3452 ratio
857 3386 956 3453 huius
969 3387 1135 3453 nominis?

267 3515 301 3564 30
355 3485 531 3569 Magister.
576 3486 679 3554 Nulla
700 3488 780 3554 mihi
798 3490 908 3555 verior
928 3491 972 3557 ad
994 3511 1131 3575 presens
1153 3493 1298 3559 occurrit
1314 3513 1428 3578 quarn

314 3589 393 3678 quia
406 3589 559 3656 scaccarii
573 3589 677 3655 lusilis
691 3590 834 3657 similem
849 3593 951 3673 habet
965 3592 1116 3661 formam.

355 3693 553 3778 Dircrpulus.
603 3693 777 3778 Numquid
806 3697 1017 3782 antiquorum
1046 3700 1225 3782 prudentia
1251 3720 1316 3783 pro
1348 3703 1429 3770 sola

313 3799 419 3864 forma
440 3798 489 3865 sic
509 3799 712 3865 nominavit?
757 3799 845 3866 Cum
865 3811 900 3868 et
919 3801 1017 3868 simili
1038 3803 1167 3869 ratione
1187 3813 1300 3889 posset
1317 3807 1427 3871 tabu·

314 3902 431 3968 larium
447 3899 615 3986 appellari.

352 4036 455 4108 rsint]
465 4037 503 4096 sit
516 4039 566 4096 CR
624 4039 987 4125 suomiualiceatnouaC
1042 4055 1130 4114 §nec
1140 4043 1304 4100 NeomR:
1317 4047 1435 4105 neCN

314 4197 501 4305 iiifmuffs
517 4197 712 4318 edomitis]
723 4250 926 4307 insulamn
999 4196 1046 4321 ⁵27
1063 4253 1165 4310 uetur
1175 4255 1241 4311 aaa
1255 4202 1326 4310 elz.
1341 4207 1430 4316 „21

317 4329 361 4384 30,
371 4331 401 4386 31
414 4317 601 4389 Magister...
612 4318 803 4375 lormarnadol
812 4321 957 4394 N'marg.
1010 4337 1047 4393 ³0
1057 4325 1178 4381 occurrit
1187 4325 1225 4382 ed
1234 4342 1354 4398 presens
1366 4331 1396 4402 C
