3096 4832
322 351 366 422 ⁹4
691 329 759 400 DE
781 330 1057 402 SCACCARIO
1275 328 1307 424 [1
1328 333 1423 401 viiia

321 503 426 569 latam
456 499 582 568 irritam
609 499 727 582 lacere,
754 501 857 568 etiam
885 499 914 566 si
939 499 1024 568 alter
1051 498 1146 568 alteri
1174 499 1223 568 sic
1248 503 1424 586 proximus

322 607 366 673 sit
380 615 418 672 vt
433 605 495 672 iter
513 615 653 690 cogatur
670 605 825 692 arripere.
881 605 1039 673 Procuret
1055 605 1168 692 itaque
1186 605 1251 672 sibi
1270 627 1425 691 procura·

321 720 431 777 torem
452 709 505 776 vel
527 709 751 795 responsalem
770 719 804 776 et
825 707 896 794 ipse
917 710 1016 794 regiis
1036 709 1190 775 addictus
1212 709 1358 794 negociis
1378 711 1424 776 ad

322 813 447 881 curiam
477 814 548 880 sine
576 811 788 879 simulatione
820 812 963 880 festinet
1009 813 1163 879 Preterea
1194 814 1338 880 barones
1366 815 1426 898 qui

244 1005 248 1012 Ι
293 943 309 996 t
322 917 365 982 ad
380 917 580 984 scaccarium
595 917 740 984 resident
755 917 799 982 de
817 915 1015 983 victualibus
1030 937 1089 982 sue
1106 916 1225 981 domus
1240 917 1274 981 in
1288 917 1425 983 urbibus

322 1029 357 1088 et
369 1020 513 1087 castellis
527 1029 562 1088 et
577 1021 752 1088 maritimis
766 1021 889 1104 emptis
909 1019 1045 1085 nomine
1059 1020 1306 1086 consuetudinis
1320 1020 1426 1086 nichil

322 1124 466 1191 soluunt.
511 1123 613 1209 Quod
635 1125 662 1191 si
687 1125 837 1191 minister
858 1123 1068 1210 vectigalium
1091 1123 1135 1189 de
1155 1123 1219 1188 hiis
1241 1124 1422 1208 quicquam

322 1227 452 1294 soluere
469 1227 676 1313 compulerit,
690 1228 876 1294 dummodo
895 1247 1030 1313 presens
1044 1227 1089 1292 sit
1105 1227 1249 1293 seruiens
1272 1228 1341 1292 eius
1363 1229 1424 1311 qui

322 1332 391 1397 suis
404 1332 518 1398 usibus
532 1343 646 1418 empta
661 1331 760 1398 luisse
770 1331 886 1398 oblata
900 1329 967 1397 fide
986 1330 1126 1415 probare
1139 1329 1289 1410 volucrit,
1303 1331 1424 1396 baroni

276 1459 310 1500 ro
321 1437 458 1520 quidem
479 1447 601 1504 exacta
614 1435 755 1521 pecunia
775 1436 966 1501 restituetur
980 1435 1014 1500 in
1032 1435 1195 1518 integrum
1210 1445 1245 1500 et
1262 1435 1425 1519 inprobus

322 1551 462 1606 exactor
490 1560 553 1625 pro
582 1539 745 1624 qualitate
772 1559 914 1626 persone
942 1538 1165 1624 pecuniariam
1191 1558 1312 1623 penam
1342 1537 1424 1604 luet.

322 1643 410 1710 Item
431 1645 460 1709 si
475 1643 626 1728 quilibet,
641 1645 743 1709 etiam
764 1663 905 1728 magnus
926 1643 961 1708 in
981 1663 1094 1727 regno,
1109 1643 1295 1708 inconsulto
1311 1642 1426 1708 calore

321 1749 426 1814 animi
455 1747 638 1833 quemlibet
668 1749 711 1814 ad
742 1751 942 1815 scaccarium
972 1747 1174 1814 residentem
1203 1745 1331 1830 probris
1366 1746 1427 1811 vel

322 1852 480 1918 conuiciis
499 1851 687 1928 lacessierit,
709 1851 737 1918 si
760 1852 933 1938 presidens
953 1850 1008 1916 ille
1030 1869 1166 1935 presens
1188 1860 1240 1916 est
1265 1869 1426 1916 exoessus

278 1935 419 2042 ¹3huius
440 1955 591 2022 ultricem
614 1975 735 2040 penam
757 1955 980 2040 pecuniariam
1006 1956 1122 2020 statim
1147 1955 1303 2038 excipiet.
1347 1953 1424 2018 Ab·

321 2071 418 2125 sente
438 2081 518 2125 vero
543 2060 742 2145 presidente,
768 2059 895 2126 illatam
919 2059 1072 2124 iniuriam
1097 2058 1127 2124 si
1150 2068 1338 2124 constanter
1363 2057 1426 2124 ille

321 2163 491 2246 negauerit
513 2174 548 2230 et
570 2162 825 2229 acclamauerint
847 2163 1063 2229 consedentes
1084 2161 1209 2228 dixisse
1232 2183 1309 2229 eum
1328 2164 1425 2246 quod

320 2265 382 2332 srbi
404 2265 554 2344 obicitur,
568 2265 801 2332 nichilominus
829 2267 951 2352 rcgicui
979 2266 1140 2332 militatur
1187 2267 1221 2331 in
1246 2265 1425 2350 pecuniam

320 2389 395 2436 reus
410 2371 524 2436 statim
544 2371 745 2437 iudicabitur
763 2370 826 2437 nisi
845 2370 1050 2436 lestinauerit
1068 2369 1269 2454 postulando
1292 2369 1425 2434 miseri·

275 2501 307 2539 ro
320 2475 467 2542 cordiam
490 2475 663 2560 preuenire
685 2474 853 2540 iudicium.
898 2473 1000 2558 Quod
1022 2474 1051 2540 si
1073 2493 1110 2538 se
1132 2474 1274 2539 inuicem
1296 2472 1343 2537 hii
1360 2473 1425 2556 qui

322 2581 366 2646 ad
392 2581 592 2646 scaccarium
619 2578 763 2644 resident
793 2577 1035 2652 contumeliosa
1059 2576 1209 2662 qualibet
1234 2575 1425 2641 obiectione

320 2683 575 2762 molestauerint‚
601 2683 827 2749 mediantibus
857 2680 930 2748 aliis
959 2683 1009 2747 sui
1038 2681 1165 2758 ordinis
1195 2680 1359 2760 ministris,
1387 2681 1425 2746 in

320 2809 438 2873 pacem
461 2791 610 2867 redeant,
636 2795 670 2852 et
691 2785 835 2854 satisfiat
860 2787 904 2852 ab
926 2786 999 2870 ipso
1024 2786 1082 2870 qui
1108 2786 1318 2850 innocentem
1343 2782 1425 2850 lesit

318 2894 362 2959 ad
380 2913 494 2960 eorum
514 2891 768 2958 estimationem.
813 2889 851 2956 Si
873 2909 952 2955 vero
973 2889 1182 2974 acquiescere
1203 2885 1354 2965 noluerit,
1368 2897 1425 2954 set

274 3019 305 3071 ’s
320 2998 426 3083 magis
442 2999 475 3063 in
490 3017 550 3062 sua
569 2997 759 3062 temeritate
774 2994 1043 3079 perseuerauerit,
1058 3001 1264 3078 proponatur
1279 2990 1422 3058 verbum

319 3100 501 3184 presidenti
515 3109 550 3168 et
564 3102 608 3167 ab
626 3120 667 3166 eo
682 3099 897 3184 postmodum
915 3096 1007 3181 quod
1028 3097 1153 3162 iustum
1169 3096 1267 3162 luerit
1281 3104 1423 3179 vterque
1521 3167 1525 3175 ,

320 3203 485 3289 suscipiat.
531 3203 687 3272 Ceterum
708 3203 736 3268 si
755 3223 815 3290 per
831 3201 1032 3268 incentorem
1052 3199 1216 3266 malorum
1237 3197 1421 3276 diabolum,

319 3308 378 3390 qui
406 3308 549 3373 irateme
578 3310 670 3392 pacis
699 3308 876 3374 iocundam
905 3305 1051 3372 leticiam
1080 3322 1147 3370 non
1177 3304 1272 3388 equis
1301 3302 1422 3386 aspicit

319 3408 433 3487 oculis,
456 3409 528 3476 fieri
554 3411 732 3496 contigerit
756 3421 794 3476 vt
821 3412 907 3476 inter
928 3410 1018 3493 ipsos
1040 3407 1184 3475 maiores
1205 3405 1422 3472 dissensionis

273 3539 306 3592 30
320 3513 447 3580 oriatur
459 3517 598 3594 occasio,
612 3515 742 3593 deinde,
756 3516 847 3599 quod
862 3513 958 3592 absit,
972 3521 1179 3579 succrescant
1193 3509 1421 3577 conuiciorum

318 3618 425 3702 iurgia
454 3627 499 3699 et,
524 3618 670 3683 addente
698 3617 850 3685 stimulos
881 3618 1042 3696 Sathena,
1073 3637 1133 3700 per
1162 3616 1245 3682 alios
1275 3612 1424 3697 collegas

321 3722 432 3807 operis
453 3721 601 3788 eiusdem
624 3741 694 3806 pax
716 3720 886 3787 reformari
908 3741 976 3787 non
999 3721 1114 3805 possit,
1128 3719 1247 3784 horum
1267 3719 1421 3784 omnium

319 3824 467 3910 cognitio
497 3824 560 3910 ipsi
590 3825 730 3910 principi
761 3826 1005 3904 reseruabitur;
1034 3825 1092 3909 qui
1114 3824 1297 3890 secundum
1327 3821 1422 3905 quod

317 3931 410 3998 cordi
431 3950 494 3996 suo
515 3929 606 4010 deus,
621 3928 656 3994 in
677 3928 771 3994 cuius
793 3948 893 3996 manu
911 3930 1022 4014 ipsum
1046 3936 1113 4010 est,
1126 3925 1344 4012 inspirauerit,
1357 3945 1423 3991 ex·

353 4148 512 4222 3addietus
532 4146 691 4205 additusN
757 4143 955 4221 ssoeIsiueC
1017 4143 1220 4215 yministraC
1280 4157 1312 4214 13
1322 4139 1423 4216 probis

317 4220 356 4279 C:
376 4219 498 4294 propriis
598 4233 631 4298 14
649 4219 694 4276 ille
706 4235 760 4276 ons.
773 4217 800 4276 C
860 4230 892 4287 17
904 4216 1125 4274 acclamauerint
1136 4216 1265 4271 Medos:
1278 4213 1423 4270 acclame-

315 4291 374 4350 rint
389 4291 427 4348 C:
445 4291 644 4348 acclamauerit
655 4291 715 4347 NR
779 4303 811 4359 19
830 4287 1009 4345 iudicaturc
1068 4301 1099 4343 ar
1116 4285 1278 4358 quelibetC
1329 4298 1365 4354 23
1377 4283 1422 4357 et]

316 4361 393 4425 vtN
459 4359 1013 4433 24,asset...perseucraueritonsR
1091 4356 1338 4428 34mmnomC
