3096 4832
98 303 205 397 mss]
451 306 518 374 os
542 305 832 377 scnccnruo,
1142 311 1184 398 89

131 476 319 561 Dr‘scrjtulus.
364 475 399 544 A
425 478 546 562 quibus
570 475 694 545 vetob
719 499 820 565 quam
846 498 916 546 rem
943 479 1095 547 instituta
1120 444 1248 576 fuit}ss

97 581 286 648 erraminatio
301 581 367 647 hec
380 579 435 648 vel
450 583 662 649 combustio?

129 685 300 768 Magister.
347 685 397 752 Vt
420 688 463 752 de
484 685 549 751 hiis
572 685 633 751 tibi
656 695 807 752 constare
828 685 933 771 possit
958 687 1060 772 paulo
1084 686 1197 762 altius¹

96 787 249 855 oriendum
264 799 329 856 est„
369 788 462 857 Sicut
473 789 634 856 traditum
650 789 810 857 habemus
821 789 1009 875 apartibus,
1025 792 1058 857 in
1069 791 1184 876 primi-

95 891 154 955 tiuo
169 893 259 978 regni
279 902 375 959 statu
394 901 473 976 post
491 892 761 977 conquisitionem
781 894 913 978 regibus
931 895 974 960 de
992 893 1102 961 fundis
1116 894 1213 962 suist

95 1015 150 1060 uon
166 997 235 1061 auri
249 995 304 1062 vel
321 996 451 1083 argenti
466 999 614 1082 pondera
631 997 689 1064 sed
705 997 778 1064 sola
792 996 947 1064 victualia
960 998 1186 1076 soluebantur,

94 1118 130 1162 ex
148 1101 266 1182 quibus
289 1100 325 1166 in
341 1120 420 1166 vsus
438 1101 624 1167 cotidianos
644 1101 764 1167 domus
783 1101 872 1188 regie
890 1101 1073 1167 necessaria
1091 1102 1186 1166 mini·

93 1203 280 1289 strabantur,
291 1213 328 1270 et
339 1214 503 1272 nouerant
513 1205 571 1289 qui
583 1204 627 1270 ad
639 1202 700 1271 hec
712 1205 864 1290 deputati
879 1205 1009 1270 fuerant
1021 1215 1184 1289 quantum

93 1307 129 1371 de
146 1306 281 1392 singulis
303 1308 417 1373 fundis
438 1309 662 1392 proueniebat.
708 1307 866 1376 Ceterum
890 1308 932 1374 ad
953 1309 1119 1392 stipendia
1132 1308 1186 1374 vel
1264 1393 1265 1396 Ἴ

93 1411 236 1479 donatiua
262 1411 412 1477 militum
438 1421 473 1478 et
497 1413 542 1479 ad
566 1412 633 1479 alia
656 1414 840 1478 necessaria
864 1412 908 1479 de
933 1413 1065 1498 placitis
1092 1412 1185 1498 regni
1200 1434 1245 1484 ιο,

93 1513 135 1578 vel
155 1514 444 1595 comestionibus,
464 1524 499 1581 et
518 1535 562 1580 ex
580 1515 768 1582 ciuitatibus
784 1516 838 1581 vel
858 1514 1002 1583 castellis
1024 1538 1046 1583 a
1066 1516 1186 1600 quibus

93 1617 282 1698 agricultura
293 1638 363 1683 non
376 1619 605 1702 exercebatur,
615 1620 754 1704 pecunia
766 1631 938 1686 numerata
949 1620 1185 1686 succrescebat.

92 1717 172 1786 Toto
188 1721 293 1807 igitur
310 1722 398 1807 regis
411 1721 571 1788 Willelmi
591 1723 689 1809 primi
709 1733 860 1808 tempore
881 1722 1104 1808 perseuerauit
1124 1722 1187 1789 lrec

93 1823 246 1893 institutio
261 1845 371 1911 vsque
390 1826 433 1891 ad
448 1835 602 1912 tempora
622 1827 708 1912 regis
725 1827 862 1892 Henrici
880 1826 939 1892 filii
957 1828 1037 1904 eius,
1051 1827 1136 1892 adeo
1149 1836 1187 1893 vt

92 1928 218 1996 viderim
234 1952 302 2016 ego
318 1931 391 2016 ipse
404 1931 567 2015 quosdam
585 1933 642 2014 qui
661 1929 816 1998 victualia
834 1932 968 1997 statutis
982 1930 1186 2016 temporibus
1200 1951 1230 2004 ιε

92 2033 243 2102 defundis
255 2035 360 2120 regiis
370 2036 413 2101 ad
425 2037 550 2101 curiam
561 2035 679 2101 deferri
689 2035 840 2101 viderint
868 2035 1071 2119 Certumque
1081 2035 1185 2101 habe·

93 2137 164 2203 bant
185 2139 349 2206 officiales
370 2140 489 2206 domus
510 2141 601 2224 regie
622 2161 643 2204 a
664 2140 785 2224 quibus
800 2138 1011 2206 comitatibus
1030 2141 1186 2220 triticum,
1235 2165 1240 2174 ·

93 2243 243 2327 aquibus
263 2244 398 2310 diuerse
416 2244 544 2328 species
566 2245 715 2310 carnium
736 2242 790 2309 vel
810 2264 971 2328 equorum
993 2243 1116 2329 pabula
1133 2245 1185 2310 vel

93 2347 151 2412 alla
170 2369 304 2433 queque
327 2348 511 2415 necessaria
532 2347 746 2413 debebantur.
792 2347 870 2412 Hiis
891 2367 969 2413 vero
993 2348 1109 2413 solutis
1135 2367 1186 2412 se·

93 2453 227 2518 cundum
250 2451 472 2519 constitutum
499 2451 636 2516 modum
661 2451 818 2534 cuiusque
842 2451 900 2530 rei,
925 2451 1006 2536 regii
1029 2450 1187 2517 officiales
1200 2469 1233 2507 πο

92 2557 328 2642 computabant
339 2553 526 2621 vicecomiti
540 2555 726 2638 redigentes
741 2555 774 2619 iu
788 2573 953 2619 summam
969 2555 1186 2620 denariorum.

93 2656 150 2724 Pro
168 2679 327 2726 mensura
347 2658 473 2725 scilicet
487 2657 588 2724 tritici
603 2660 647 2723 ad
667 2677 789 2743 panem
807 2679 834 2724 c.
852 2659 1024 2724 hominum
1044 2657 1187 2722 solidum

91 2781 198 2845 vuum,
212 2785 277 2851 pro
291 2782 431 2846 corpore
443 2762 541 2828 bouis
555 2763 719 2848 pascualis
734 2762 878 2829 solidum
893 2762 923 2843 i,
940 2782 1000 2846 pro
1018 2762 1121 2827 ariete
1135 2760 1188 2826 vel

91 2886 149 2932 oue
156 2888 211 2932 ιιιι
220 2867 386 2946 denarios,
396 2867 631 2950 proprebenda
640 2886 871 2952 xxequorum,
879 2864 1029 2931 similiter
1036 2870 1223 2950 quatuor.B

92 2967 297 3037 Succedente
311 2988 390 3034 vero
410 2979 560 3054 tempore
575 2989 650 3037 cum
666 2971 754 3035 idem
773 2989 845 3047 rex,
865 2969 898 3033 in
914 2968 1139 3036 transmarinis
1154 2977 1188 3035 et
1201 2989 1233 3044 τε

91 3076 221 3142 remotis
232 3075 393 3160 partibus,
408 3075 563 3140 sedandis
577 3073 776 3139 tumultibus
791 3073 917 3138 bellicis
931 3093 1067 3158 operam
1083 3073 1188 3149 daret,

90 3179 225 3263 contigit
248 3188 287 3245 vt
308 3176 401 3243 fieret
423 3178 486 3243 sibi
508 3196 638 3242 summe
659 3177 843 3242 necessaria
867 3179 912 3243 ad
938 3176 1000 3242 hec
1023 3176 1189 3261 explenda

91 3293 262 3350 numerata
292 3283 441 3365 pecunia.
491 3278 691 3347 Confluebat
720 3280 845 3346 interea
874 3279 918 3347 ad
949 3280 1035 3365 regis
1064 3281 1188 3347 curiam

90 3386 225 3469 querula
246 3385 425 3451 multitudo
446 3383 649 3462 colonorum,
668 3384 721 3449 vel
743 3383 834 3467 quod
854 3385 988 3470 grauius
1010 3384 1073 3450 sibi
1097 3387 1188 3450 vide-

90 3489 183 3556 batur
203 3488 407 3574 pretereunti
427 3487 613 3572 frequenter
633 3487 837 3565 occursabat,
857 3487 979 3555 oblatis
1000 3488 1188 3554 vomeribus
1200 3508 1236 3560 ao

91 3593 122 3658 in
133 3595 268 3679 signum
279 3591 461 3658 deficientis
476 3590 684 3676 agriculture.
722 3591 907 3658 Innumeris
921 3592 1011 3657 enim
1028 3592 1190 3658 molestiis

89 3700 325 3779 premebantur
348 3696 521 3762 occasione
539 3693 730 3761 victualium
753 3715 820 3779 que
841 3715 899 3778 per
919 3695 1077 3779 plurimas
1098 3695 1189 3780 regni

90 3811 197 3882 partes
219 3823 241 3867 a
263 3800 398 3866 sedibus
419 3799 559 3884 propriis
579 3797 781 3865 deferebant
827 3798 959 3863 Horum
985 3798 1084 3883 igitur
1108 3819 1189 3882 que·

89 3903 161 3970 reiis
184 3903 360 3969 inclinatus
377 3923 447 3978 rex,
469 3901 609 3968 diffinito
632 3921 828 3986 magnorum
850 3901 989 3967 consilio
1011 3901 1190 3967 destinauit

90 4026 148 4090 per
175 4027 315 4092 regnum
345 4027 429 4091 quos
452 4007 496 4071 ad
523 4006 559 4070 id
586 4004 817 4090 prudentiores
841 4013 875 4070 et
899 4004 1104 4070 discretiores
1133 4023 1188 4067 co·
1203 4021 1234 4074 ³⁵

123 4123 537 4253 4oriendumclordieudmnR
660 4122 759 4195 8hec]
773 4123 864 4180 hocC
999 4119 1195 4179 rotdommv

88 4209 124 4323 ii
142 4215 352 4324 regiliac'iiuerse
364 4193 638 4322 Maligxcedtiirmerscas
650 4197 761 4320 codd.16
772 4193 966 4334 hageffinovm
979 4263 1016 4316 N
1057 4202 1191 4326 uam:

89 4337 205 4410 Plffldfll
218 4338 348 4411 exempla
361 4337 398 4392 Ν
480 4351 515 4411 34
526 4337 647 4410 querelis
654 4335 781 4394 Madet:
801 4334 922 4407 querulis
933 4333 1010 4389 codd

133 4435 166 4468 os
173 4438 246 4471 rcnoc
632 4423 659 4474 N
