3096 4832
352 299 415 378 146
524 263 528 274 '
720 297 787 364 ns
811 283 1084 366 scn'ccmuo
1293 298 1340 405 [11
1355 302 1449 370 nnc
1542 291 1543 302 ‘

367 461 587 564 'Discipulus
633 479 743 546 Cerno
768 480 860 562 quod
885 479 919 543 in
941 480 1095 547 omnibus
1117 481 1258 546 mudum
1281 494 1448 551 seruantes
1542 463 1543 470 ἵ

349 567 480 668 semper
494 584 593 668 regiis
608 583 793 648 commodis
806 582 974 649 inheretis.

392 687 568 770 Magister.
614 687 808 752 Memoriter
827 697 920 752 tenes
938 687 1021 771 quid
1041 687 1084 753 de
1101 687 1228 754 ciuibus
1242 688 1296 755 vel
1310 692 1448 775 burgen-

353 790 443 856 sibus
466 810 532 855 non
558 789 763 856 soluentibus
785 790 830 856 sit
854 791 1031 874 agendum.
1075 789 1228 874 Quodsi
1251 791 1337 858 sorte
1358 794 1448 860 miles

312 883 472 984 sialiquis
493 893 546 960 vel
571 892 762 959 liberalius
787 916 808 960 a
833 895 883 959 sui
909 902 1016 963 status
1041 893 1214 978 dignitate,
1236 897 1327 978 quod
1353 899 1447 979 absit,

350 999 554 1082 degenerans
574 996 828 1081 multiplicandis
839 997 991 1063 denariis
1007 1017 1068 1080 per
1080 997 1215 1079 publica
1230 1000 1447 1078 mercimonia,

346 1103 400 1168 vel
425 1123 485 1187 per
506 1102 733 1186 turpissimum
757 1121 862 1186 genus
886 1110 1031 1185 questus,
1056 1103 1148 1185 quod
1178 1112 1230 1168 est
1258 1111 1319 1188 pet
1344 1103 1448 1186 senus,
1542 1125 1543 1184 ξ

346 1207 501 1272 institerit
530 1215 565 1272 et
594 1215 713 1272 exacta
741 1215 862 1289 sponte
892 1225 958 1270 non
987 1202 1133 1280 soluerit,
1162 1225 1229 1271 non
1259 1228 1319 1290 per
1347 1208 1447 1278 fidem
1542 1221 1543 1282 ζ

346 1319 477 1376 tantum
497 1311 541 1376 de
560 1329 628 1375 non
649 1309 792 1374 inuentis
811 1309 996 1374 vicecomes
1015 1308 1214 1389 absoluetur,
1233 1332 1356 1392 verum,
1373 1334 1448 1380 cum
1542 1317 1543 1388 j

278 1435 281 1440 ·
303 1439 334 1474 ιο
346 1413 407 1481 hec
431 1413 610 1498 presidenti
637 1414 847 1498 suggesserit,
868 1413 1056 1478 districtum
1084 1414 1129 1479 ab
1155 1414 1229 1498 ipso
1254 1418 1448 1482 mandatum
1542 1413 1543 1440 ³

347 1519 503 1602 suscipiet
530 1527 568 1584 vt
599 1519 643 1584 de
674 1537 814 1596 summa,
843 1538 909 1602 que
941 1517 985 1582 ab
1015 1516 1073 1581 illo
1103 1519 1286 1602 requiritur,
1316 1520 1450 1586 statutis
1542 1505 1543 1576 Ϊ

345 1623 493 1688 terminis
518 1621 678 1687 soluenda
701 1621 911 1688 fideiussores
933 1621 1098 1700 inueniat3
1134 1623 1225 1705 quod
1248 1625 1276 1687 si
1298 1624 1450 1706 noluerit,
1542 1619 1543 1680 ἶ

346 1746 462 1792 omnes
477 1726 548 1792 eius
563 1725 710 1790 redditus
725 1723 924 1805 infiscentur,
938 1734 974 1790 vt
990 1725 1023 1788 in
1038 1725 1102 1790 hac
1115 1735 1213 1809 parte
1228 1727 1346 1794 merito
1361 1727 1421 1795 fiat

399 1831 480 1895 ‘hiis
501 1831 618 1895 similis
640 1829 697 1912 qui
720 1827 942 1915 multiplicant
965 1847 1166 1912 quocunque
1189 1833 1293 1897 modo
1316 1830 1405 1898 rem?
1542 1871 1543 1922 }

285 1934 332 2006 '15
388 1933 586 2018 Discrpulus.
631 1932 780 2018 Dignum
796 1953 832 1998 re
845 1953 923 1997 vera
937 1941 988 1997 est
1002 1942 1040 1998 vt
1054 1952 1074 1996 a
1089 1941 1179 1998 statu
1199 1954 1262 1998 suo
1282 1955 1342 2017 pro
1360 1935 1451 2019 turpi
1542 1937 1543 2018 3

345 2027 465 2120 questu
486 2039 650 2119 recedens,
663 2038 810 2122 degener
832 2037 927 2102 miles
945 2034 998 2100 vel
1018 2034 1103 2101 liber
1122 2036 1207 2102 alius
1229 2047 1339 2121 preter
1358 2059 1452 2104 com·
1542 2065 1543 2130 ἐ

346 2160 480 2205 munem
495 2141 672 2207 liberorum
687 2138 796 2226 legem
811 2141 974 2226 puniatur.
1013 2137 1074 2204 Set
1089 2137 1156 2203 iam
1171 2159 1269 2218 nunc,
1284 2143 1311 2207 si
1326 2142 1452 2226 placet,
1542 2147 1543 2192 f

345 2243 486 2309 edissere
511 2264 577 2327 que
602 2255 689 2320 sunt,
710 2265 776 2329 que
801 2265 863 2328 pro
887 2243 1015 2309 catallis
1036 2243 1115 2317 eius,
1137 2243 1195 2327 qui
1216 2246 1287 2328 regi
1309 2255 1454 2326 tenetur,
1542 2301 1543 2304 ,

345 2348 488 2415 debeant
514 2348 690 2431 imputari3
722 2357 756 2414 et
781 2357 892 2413 vtrum
919 2348 962 2413 ab
987 2345 1142 2413 omnibus
1166 2347 1279 2413 omnia
1301 2349 1454 2418 tollenda
1542 2373 1543 2432 ξ

301 2475 332 2510 ²0
345 2462 422 2520 sunt
451 2472 471 2517 a
496 2451 696 2531 vicecomite,
718 2471 891 2536 quousque
921 2471 1061 2529 summa,
1082 2469 1147 2533 que
1177 2439 1361 2534 requiritur,
1386 2473 1453 2517 ex·
1542 2459 1543 2468 ’

273 2715 333 2844 xix
388 2707 562 2849 Mapister.
609 2764 648 2828 In
670 2762 808 2849 pelagus
834 2782 887 2828 me
913 2762 1125 2847 questionum
1152 2761 1305 2846 impellis,
1326 2765 1471 2846 nescio,

346 2873 427 2937 deus
442 2870 513 2946 scit,
528 2889 594 2952 qua
609 2887 820 2934 emersurum.
865 2867 898 2931 N
900 2867 1007 2932 oueris
1022 2867 1134 2960 itaque
1148 2867 1239 2950 quod
1254 2867 1307 2930 hic
1328 2867 1456 2934 iterum

296 2995 330 3045 -25
346 2993 558 3056 personarum
574 2972 738 3038 distinctio
753 2970 936 3036 necessaria
947 2979 1005 3050 est,
1017 2969 1103 3035 sicut
1114 2991 1157 3034 ex
1169 2971 1456 3053 consequentibus

344 3077 492 3161 liquebit.
535 3075 665 3142 Vellem
694 3086 808 3141 tamen
838 3075 871 3139 in
900 3074 962 3140 hac
993 3082 1087 3157 parte
1116 3073 1196 3138 mihi
1225 3094 1380 3156 parceres
1411 3097 1456 3143 ne
1542 3061 1543 3116 l

346 3181 494 3264 plun'bus
515 3179 719 3264 displicitura
740 3179 884 3264 prolerre
906 3176 1098 3262 compellas.

388 3283 585 3368 Discipulus.
638 3283 730 3347 Dum
746 3305 766 3349 a
782 3283 865 3369 legis
879 3283 1059 3368 constitute
1082 3283 1217 3348 tramite
1231 3303 1299 3348 non
1315 3283 1455 3349 exorbi-
1542 3299 1543 3370 l

344 3389 477 3466 taueris,
490 3389 611 3453 iustam
633 3386 802 3470 prudentis
822 3384 982 3451 offensam
1003 3405 1069 3451 non
1091 3386 1287 3466 mereberis·;
1313 3389 1408 3470 quod
1424 3389 1457 3452 si

300 3489 396 3559 secui
418 3510 519 3576 graue
540 3492 716 3569 videbitur,
737 3493 828 3574 quod
851 3490 909 3556 lex
930 3489 1054 3568 statuit,
1077 3489 1107 3555 ei
1131 3490 1189 3573 qui
1215 3491 1363 3557 condidit
1386 3491 1455 3557 ira-
1542 3557 1543 3578 2

344 3604 535 3659 scaturnon
550 3594 620 3660 tibi.
1542 3667 1543 3674 χ

386 3697 562 3780 Magister.
609 3699 667 3764 Ab
694 3698 787 3765 initio
814 3698 945 3765 debitor
969 3695 1031 3763 tibi
1057 3695 1165 3762 sactus
1191 3717 1267 3764 sum
1296 3718 1341 3762 ex
1368 3718 1456 3780 pro-
1542 3731 1543 3738 .

343 3821 567 3954 mlsso‘Hinc
588 3899 639 3955 est
661 3888 751 3974 quod
775 3888 890 3957 nolens
913 3895 1031 3954 teneor
1052 3907 1167 3973 parere
1189 3884 1338 3972 petenti.'

297 4011 328 4064 ss
343 3993 541 4061 Debitomm
569 3993 677 4080 igitur,
697 3993 755 4077 qui
779 4000 898 4058 exacta
924 3999 1045 4077 sponte
1071 4011 1138 4055 non
1161 3977 1305 4071 soluunt,
1327 3980 1460 4086 catella

377 4213 550 4283 3tenensR
631 4209 741 4284 7qu0d
756 4209 780 4266 C
788 4209 932 4264 r'rrterlin.:
952 4209 1007 4266 hoc
1017 4208 1069 4265 N:
1088 4209 1182 4264 om.R
1264 4209 1336 4282 9de
1347 4226 1401 4264 om.
1416 4209 1458 4262 N

343 4295 376 4350 14
395 4281 506 4355 similis]
519 4282 641 4340 simulR
710 4295 745 4350 24
763 4281 990 4336 emensummN
1056 4280 1090 4337 28
1108 4279 1221 4351 legeN
1286 4277 1453 4350 34nolens]
1542 4325 1543 4356 3

340 4353 438 4408 volens
449 4355 487 4408 Ν
540 4377 542 4382 ·
556 4357 626 4423 post
635 4369 733 4424 parere
745 4351 810 4408 add.
823 4352 867 4409 vel
880 4351 984 4410 volenti
995 4349 1033 4406 Ν
1542 4361 1543 4380 ³
