3096 4832
104 299 237 393 uvas]
450 303 517 370 ns
540 300 812 370 scaccnmo
966 265 971 282 '
1116 257 1179 387 129¹

104 473 142 536 sic
167 473 429 558 condempnandi
457 493 524 540 non
555 472 618 539 nisi
651 480 823 539 numerata
852 472 896 538 de
930 471 1009 539 fisco
1039 473 1179 557 pecunia

103 576 270 659 puniuntur.
314 577 485 662 Quicquid
513 578 614 663 igitur
642 578 686 642 ad
716 577 779 644 hec
809 576 931 643 iudicia
958 578 1013 644 vel
1041 578 1181 645 iustitias

103 680 213 747 effectui
242 683 482 766 mancipandas
511 681 715 748 detestabilis
738 681 877 748 auaritia
902 682 1101 763 hominibus,
1122 683 1181 768 qui

100 781 150 849 hec
163 805 220 868 pro
237 786 408 871 sanguinis
425 786 584 852 effusione
603 786 795 870 suscipiunt,
809 806 831 851 a
850 785 1046 852 vicecomite
1066 807 1181 853 nume·

101 898 183 968 ratur,
197 911 256 972 per
271 889 547 957 consuetudinem
562 891 716 956 scaccarii
731 889 793 955 sibi
811 899 1032 975 computatur,
1048 891 1113 956 hoc
1130 898 1208 955 ests

100 1009 155 1055 non
168 1013 223 1076 per
236 996 341 1060 breue
356 994 452 1078 regis.
498 991 562 1060 Est
575 1003 611 1058 et
625 994 716 1060 aliud
728 994 819 1080 quod
835 1013 894 1077 per
908 995 1182 1060 consuetudinem
1195 1005 1217 1055 c

100 1094 191 1162 solam
208 1097 397 1164 vicecomiti
417 1098 540 1164 debeat
556 1099 754 1182 computari.
800 1096 886 1162 Cum
907 1097 993 1183 regis
1013 1097 1184 1164 thesaurus

100 1199 135 1263 de
153 1198 221 1266 loco
238 1201 401 1268 inlocum
420 1203 583 1269 maiorum
600 1202 865 1269 consideratione
880 1201 1075 1268 deserendus
1092 1201 1183 1266 vehi·

100 1302 169 1367 culis
191 1314 224 1370 et
245 1306 437 1372 huiusmodi
466 1307 650 1373 minoribus
673 1306 862 1390 indiguerit,
884 1305 1084 1390 precipiente
1112 1306 1183 1370 the-

99 1408 228 1474 saurario
241 1410 296 1475 vel
310 1409 499 1476 camerariis
512 1410 565 1475 vel
576 1410 791 1475 seruientibus
806 1429 920 1476 eorum
932 1408 975 1476 ad
990 1408 1053 1475 hec
1071 1409 1186 1486 missis,
1200 1427 1231 1464 ιο

99 1509 267 1578 memores
292 1514 337 1579 de
366 1512 463 1579 firma
490 1534 551 1580 sua
580 1515 672 1598 quod
697 1512 880 1597 oportuerit
906 1511 1033 1577 inuenit
1061 1524 1095 1579 et
1120 1511 1185 1579 hoc

99 1611 195 1696 ipnrm
209 1617 402 1683 vicecomiti
421 1618 493 1684 sine
509 1617 603 1684 breui
623 1625 845 1702 computatur,
860 1615 1057 1700 perhibente
1073 1625 1186 1683 tamen

98 1735 185 1802 super
204 1721 269 1787 hoc
290 1719 518 1788 testimonium
545 1742 657 1788 coram
684 1721 865 1787 maioribus
890 1721 963 1805 ipso
984 1719 1187 1787 thesaurario

99 1823 143 1886 vel
156 1825 304 1907 quohhet
322 1825 547 1910 predictorum
567 1826 625 1910 qui
642 1824 704 1891 hec
722 1825 792 1890 fieri
811 1824 1038 1905 mandauerit;
1061 1834 1095 1890 et
1110 1833 1188 1890 tunc

100 1925 214 1994 dicetur
228 1929 264 1994 in
278 1929 390 1995 rotulo
405 1930 457 1994 ‘in
471 1929 536 1997 hiis
550 1929 605 1996 vel
618 1929 682 1996 illis
698 1929 887 1995 necessariis
897 1927 1043 1994 thesauri
1057 1928 1121 1994 hoc
1135 1930 1188 1995 vel
1204 1950 1232 2001 15

99 2028 171 2097 illud
189 2054 252 2118 per
273 2032 362 2099 hunc
383 2033 437 2100 vel
463 2031 574 2100 illum?
621 2033 708 2098 Item
733 2033 761 2098 si
784 2033 881 2118 piscis
910 2033 1027 2120 regius,
1054 2033 1189 2100 rumbus

99 2135 145 2199 vel
159 2147 251 2202 cetus
265 2137 320 2202 vel
337 2136 422 2203 alius
439 2137 628 2204 huiusmodi
648 2133 947 2220 comprehenditur,
962 2137 1052 2222 quod
1073 2139 1107 2202 in
1124 2137 1188 2204 hiis

100 2237 246 2306 saliendis
284 2249 319 2306 et
347 2240 421 2308 aliis
452 2241 643 2309 necessariis
680 2241 903 2307 ministrandis
939 2262 960 2306 a
994 2241 1190 2308 vicecomite

100 2343 239 2426 mittitur,
254 2345 326 2410 sine
345 2344 438 2411 breui
457 2354 678 2431 computatur.
703 2344 811 2411 -Item
832 2345 923 2430 quod
944 2345 977 2410 in
997 2344 1190 2412 excolendis

100 2445 264 2516 dominicis
279 2449 383 2515 vineis
403 2449 489 2535 regis
504 2459 540 2516 ct
553 2449 616 2516 hiis
636 2449 881 2516 vindemiandis
894 2451 947 2516 vel
964 2451 1051 2516 vasis
1066 2459 1101 2514 et
1117 2449 1191 2515 aliis
1205 2467 1236 2504 ²0

99 2555 280 2621 necessariis
306 2553 533 2620 ministrandis
557 2554 766 2638 expenditur,
788 2553 858 2618 sine
883 2555 976 2619 breui
1002 2574 1062 2639 per
1089 2553 1190 2618 fidem

100 2655 294 2724 vicecomitis
308 2667 529 2742 computatur.
574 2657 628 2722 De
647 2679 715 2742 qua
735 2657 812 2738 lide,
833 2659 860 2723 si
880 2657 982 2724 semel
1005 2667 1065 2724 aut
1082 2657 1192 2741 sepius

99 2769 129 2824 et
156 2763 296 2845 qualiter
325 2762 394 2840 fiat,
424 2763 509 2828 infra
537 2762 673 2830 dicetur.
719 2763 792 2829 Hec
823 2773 900 2828 sunt
927 2762 1027 2847 igitur
1056 2781 1121 2847 que
1148 2763 1191 2827 ad

99 2883 227 2946 presens
256 2867 354 2932 nobis
380 2876 556 2933 occurrunt
580 2867 768 2933 vicecomiti
797 2888 857 2953 per
886 2867 990 2932 solam
1016 2874 1191 2932 consuetu-

98 2969 200 3036 dinem
224 2971 473 3054 computanda:
504 2991 591 3037 nunc
618 2973 662 3037 de
676 2973 806 3038 ¹ceteris
832 2991 897 3058 que
926 2973 969 3037 ad
999 2980 1191 3056 compotum
1205 2985 1235 3038 ²5

99 3073 138 3137 de
151 3093 288 3159 corpore
303 3075 482 3140 comitatus
499 3061 667 3158 pertinent
681 3096 930 3160 prosequamur.

137 3178 191 3244 Fit
205 3180 374 3262 interdum
387 3187 425 3243 vt
439 3179 602 3263 precipiat
622 3199 683 3245 rex
697 3178 885 3246 vicecomiti
903 3200 963 3265 per
976 3179 1078 3246 breue
1092 3201 1189 3246 suurn
1203 3223 1229 3270 Α

97 3284 183 3364 qnod
213 3283 387 3348 incastris
417 3281 595 3364 firmandis,
623 3281 676 3348 vel
706 3283 741 3348 in
771 3281 906 3349 edificiis
936 3293 970 3350 et
1002 3283 1192 3351 huiusmodi

98 3382 303 3462 instruendis,
330 3385 375 3450 de
397 3384 492 3450 firma
514 3405 574 3450 sua
596 3387 779 3452 necessaria
808 3387 982 3468 ministret,
1003 3408 1062 3471 per
1083 3389 1191 3455 visum

98 3487 235 3555 duorum
257 3487 310 3555 vel
332 3490 433 3554 trium
454 3491 610 3570 virorum,
624 3510 765 3574 quorum
788 3491 924 3557 nomina
945 3491 980 3555 in
1003 3492 1076 3575 ipso
1097 3493 1191 3560 breui
1205 3507 1238 3559 30

98 3595 333 3678 exprimuntur,
359 3601 393 3658 et
417 3593 519 3659 addat
545 3593 579 3658 in
604 3594 669 3659 fine
696 3593 833 3659 verbum
859 3595 961 3661 breue
984 3603 1034 3660 set
1055 3616 1192 3683 compu-

98 3699 241 3764 tantibus
257 3696 489 3776 necessarium,
503 3701 558 3763 ‘et
573 3699 822 3783 computabitur
836 3697 897 3763 tibi
911 3699 955 3764 ad
972 3700 1192 3766 scaccarium!

100 3799 181 3866 Cum
196 3801 298 3886 igitur
308 3811 445 3866 ventum
460 3801 558 3867 fuerit
569 3802 613 3866 ad
628 3812 821 3887 compotum
834 3802 1047 3882 vicecomitis,
1059 3804 1193 3870 veniant

99 3904 192 3970 simul
207 3906 264 3990 qui
279 3905 377 3972 electi
394 3915 473 3971 sunt
487 3906 640 3972 custodes
655 3925 793 3989 operum
811 3918 855 3983 et,
869 3903 937 3972 fide
952 3907 985 3970 in
1001 3906 1134 3990 publica
1148 3907 1192 3971 ab

98 4006 173 4092 ipsis
193 4011 333 4095 prestita
354 4011 445 4095 quod
466 4012 648 4077 secundum
671 4010 905 4076 conscientiam
923 4029 1018 4076 suam
1039 4009 1082 4074 ad
1106 4008 1193 4091 regis
1206 4023 1237 4074 3⁵

98 4115 271 4179 utilitatem
295 4113 330 4179 ln
355 4113 428 4200 ipso
449 4135 549 4200 opere
571 4115 742 4180 nominata
764 4133 894 4179 summa
916 4113 1113 4196 provenerit,
1133 4109 1193 4176 fiat

131 4265 409 4350 opostprsctpiente
421 4267 486 4324 add.
498 4277 526 4324 et
537 4268 565 4323 R
656 4281 690 4336 23
708 4264 792 4336 igitur
803 4265 908 4320 suntc
991 4272 1025 4328 27
1044 4260 1102 4334 Fit]
1116 4259 1196 4320 sitc

99 4337 131 4392 28
144 4339 374 4406 pnicrrnom.R

141 4457 248 4492 uem
655 4437 674 4490 S
