3096 4832
321 305 385 370 144
687 285 755 354 ns
778 281 1053 357 scaccmuo
1270 277 1317 376 [11
1332 287 1425 354 ‚nic

318 457 545 526 consimilibus
577 457 680 524 semel
709 460 790 526 data
823 456 975 524 sufficiat.
1030 458 1085 524 De
1113 455 1177 525 bec
1206 467 1322 524 tamen
1350 458 1424 524 fide

318 563 386 628 iam
415 563 504 627 circa
529 563 623 630 initia
649 563 743 648 plura
772 562 863 628 dicta
891 570 1030 629 suntet
1054 571 1183 628 restant
1215 561 1327 647 aliqua
1357 582 1424 628 suo

247 665 394 781 xtu¹⁰⁶⁰
417 666 570 733 dicenda.

281 803 307 852 A
363 771 465 838 Porro
485 771 539 837 bic
558 771 701 857 primum
722 772 993 856 distinguendum
1015 779 1065 837 est
1088 769 1175 836 circa
1194 769 1362 837 debitores
1383 781 1424 837 et

288 901 306 953 ,e
319 877 433 943 debita
446 887 483 942 vt
498 877 532 942 in
551 877 672 961 quibus
688 875 773 942 fides
793 875 906 942 oblata
924 875 1035 942 locum
1053 873 1184 954 habeat,
1200 884 1235 940 et
1250 873 1426 959 inquibus

318 1004 397 1063 non,
411 983 474 1049 tibi
489 990 620 1048 constet
633 1002 642 1061 ;
663 981 692 1046 si
712 982 799 1046 enim
815 981 909 1046 miles
923 981 978 1045 vel
995 978 1078 1044 liber
1093 979 1178 1044 alius
1195 989 1255 1044 aut
1269 979 1425 1064 ascripti·

317 1087 385 1151 tius
405 1085 458 1151 vel
483 1085 633 1170 quelibet
661 1084 851 1151 huiusmodi
873 1084 1097 1168 cuiuscunque
1125 1082 1331 1149 condicionis
1359 1093 1425 1151 aut
1509 1133 1514 1147 .

317 1209 420 1254 sexus
443 1208 593 1274 persona,
607 1188 678 1274 regi
697 1196 828 1255 tenetur
844 1187 878 1252 in
895 1187 1016 1272 quouis
1035 1185 1160 1265 debito,
1174 1185 1265 1270 quod
1280 1187 1423 1270 quidem

316 1315 403 1379 pena
426 1293 470 1361 sit
495 1315 555 1378 pro
582 1313 720 1359 excessu
748 1313 815 1357 non
838 1291 989 1358 oblatum
1014 1299 1245 1374 spontaneum,
1271 1289 1338 1356 fide
1362 1289 1425 1358 illa

273 1417 306 1456 το
316 1397 521 1464 vicecomitis
551 1396 665 1464 oblata
694 1404 729 1462 et
758 1397 791 1461 in
818 1395 884 1461 fine
912 1394 1123 1478 suscipienda
1152 1403 1328 1459 contentus
1355 1395 1425 1460 erit

317 1501 549 1576 thesaurarius,
563 1509 599 1564 et
615 1501 735 1566 iterato
750 1499 911 1565 scribetur
929 1499 1059 1564 debitor
1079 1497 1113 1562 in
1128 1497 1192 1562 hoc
1212 1497 1320 1563 annali
1334 1499 1425 1564 sicut

319 1603 354 1672 in
376 1605 534 1689 preterito
556 1604 607 1668 vir
626 1602 680 1669 vel
700 1599 826 1683 mulier,
840 1602 932 1667 cuius
954 1601 1041 1668 actio
1064 1621 1125 1685 per
1146 1601 1292 1686 inopiam
1313 1603 1425 1670 inanis

318 1707 406 1774 sacta
419 1717 481 1775 est
525 1707 650 1772 Verum
666 1727 760 1772 secus
773 1715 835 1785 est,
849 1707 877 1770 si
893 1706 1025 1771 debitor
1040 1705 1105 1787 ille,
1121 1706 1164 1771 de
1178 1727 1246 1789 quo
1260 1705 1423 1789 queritur,

317 1812 400 1880 ciuis
421 1822 472 1878 ost
490 1811 544 1878 vel
564 1810 747 1895 burgensis,
761 1810 788 1876 si
807 1809 929 1878 scilicet
948 1829 1069 1892 genere
1087 1809 1167 1875 ciuis
1187 1811 1231 1876 sit
1250 1808 1425 1889 retracta

274 1937 305 1988 rs
319 1915 381 1983 sibi
408 1916 615 1992 necessitate,
638 1913 916 1981 commorantium
940 1913 1062 1980 ciuium
1084 1913 1215 1999 legibus
1238 1924 1358 1997 sponte
1383 1935 1424 1978 se

318 2019 503 2086 subiecerit
547 2019 626 2086 Non
651 2019 740 2084 enirn
766 2015 887 2082 sufficit
907 2017 1094 2083 vicecomiti
1118 2021 1209 2100 quod
1236 2018 1362 2093 horum,
1389 2016 1421 2082 si

318 2122 375 2206 qui
397 2123 440 2187 de
461 2122 619 2206 requisita
640 2141 771 2188 summa
793 2141 860 2186 non
883 2121 1098 2200 satisfaciunt,
1124 2121 1262 2187 mobilia
1284 2130 1422 2186 tantum

318 2224 428 2291 soluat
449 2225 502 2290 vel
527 2226 675 2308 quesisse
700 2245 736 2289 se
762 2243 823 2289 nec
847 2224 1012 2290 inuenisse
1036 2222 1138 2290 fidem
1163 2225 1290 2302 offerat,
1311 2233 1349 2289 vt
1371 2224 1425 2288 sic

191 2339 195 2346 '
318 2329 362 2394 ad
377 2329 576 2394 scaccarium
596 2328 763 2406 liberetur,
779 2326 840 2392 uisi
860 2347 975 2392 eorum
994 2337 1028 2392 et
1046 2327 1166 2393 domos
1186 2337 1220 2392 et
1240 2327 1360 2391 fundos
1384 2335 1424 2391 et

273 2454 306 2497 ro
320 2432 486 2518 quoslibet
499 2433 630 2498 vrbium
646 2432 795 2498 redditus
811 2429 939 2496 infiscet
953 2441 988 2496 et
999 2451 1101 2514 penes
1115 2431 1199 2496 alios
1214 2431 1367 2510 collocet,
1383 2441 1427 2496 vt

318 2535 372 2603 vel
391 2537 438 2603 sic
457 2537 572 2603 debita
592 2536 660 2619 regi
682 2535 821 2620 pecunia
841 2534 1032 2617 proueniat3
1055 2535 1145 2618 quod
1165 2535 1276 2600 sinon
1292 2534 1426 2599 inueni-

319 2649 417 2706 antur
429 2641 487 2724 qui
500 2640 691 2734 suscipiant,
706 2637 917 2721 parcentibus
931 2636 994 2700 sibi
1014 2636 1157 2703 inuicem
1173 2639 1322 2704 eiusdem
1337 2657 1425 2702 con-

319 2745 456 2810 dicionis
476 2743 673 2822 hominibus,
689 2743 808 2808 domos
829 2760 943 2806 eorum
965 2741 1046 2805 seris
1066 2741 1217 2807 obstruat
1239 2751 1274 2806 et
1296 2739 1424 2806 fundos

318 2849 495 2932 diligenter
514 2846 623 2912 excoli
643 2846 751 2912 iaciat.
796 2843 833 2910 Si
854 2865 932 2909 vero
954 2843 1085 2909 interim
1107 2844 1154 2910 bii
1175 2845 1336 2911 soluerint
1353 2867 1424 2930 que

274 2971 305 3022 Ι5
318 2953 533 3036 requiruntur,
548 2951 592 3014 ad
617 2949 849 3034 proprietarios
869 2949 958 3031 ipsos
978 2969 1039 3033 per
1061 2967 1197 3014 manum
1217 2946 1427 3014 ucecomitis

318 3055 389 3121 sine
403 3056 561 3132 molestia,
575 3075 642 3138 que
657 3055 707 3119 sui
723 3053 801 3118 iuris
815 3062 901 3126 sunt,
917 3053 1105 3119 reddentur.

361 3157 559 3242 Discipulus.
604 3157 719 3222 Mirari
744 3157 824 3222 satis
849 3175 916 3222 non
939 3175 1075 3240 possum
1097 3155 1155 3220 vbi
1179 3155 1281 3239 culpa
1308 3155 1426 3240 dispar

285 3281 387 3331 nnon
402 3271 453 3326 est

384 3387 459 3445 ‘cur
474 3401 580 3467 genus
593 3379 657 3448 hoc
671 3381 843 3447 hominum
858 3379 992 3464 grauius
1006 3379 1193 3445 lexnostra
1207 3375 1361 3443 coercet?

273 3551 306 3602 3⁰
361 3515 537 3601 Magriter.
575 3518 730 3584 Maxima
749 3537 825 3602 pars
848 3516 1060 3600 possessionis
1081 3536 1197 3582 eorum
1219 3517 1276 3599 qui
1298 3516 1423 3583 fundos

317 3619 444 3686 habent
469 3629 503 3686 et
525 3643 584 3706 per
606 3621 841 3707 agriculturam
863 3629 1090 3686 sustentantur
1113 3621 1147 3685 iu
1174 3619 1367 3704 pecudibus,
1386 3620 1423 3686 in

317 3724 513 3789 animalibus
533 3736 568 3790 et
586 3725 620 3790 in
640 3723 788 3810 frugibus
803 3732 854 3788 est
874 3733 909 3788 et
927 3724 1006 3788 item
1022 3723 1055 3786 in
1076 3721 1219 3806 hiisque
1235 3743 1304 3788 non
1324 3722 1424 3788 facile

318 3827 581 3894 cohabitantium
611 3829 765 3893 notitiam
804 3834 943 3910 possunt
971 3823 1126 3910 effugere.
1178 3825 1230 3890 At
1259 3825 1331 3904 hiis,
1360 3827 1424 3910 qui

318 3931 539 3998 mercimoniis
562 3931 753 4011 inseruiunt‚
767 3939 802 3994 et
822 3929 879 4013 qui
902 3937 1072 4012 parcentes
1089 3928 1285 4014 sumptibus,
1306 3927 1423 3992 multi-

274 4053 304 4107 35
318 4034 478 4121 plicandis
511 4035 769 4122 possessionibus
800 4033 879 4098 totis
907 4033 1032 4098 viribus
1061 4041 1096 4099 et
1126 4034 1235 4100 modis
1264 4015 1424 4097 omnibus

352 4219 506 4290 dautlvel
517 4221 577 4277 NR
635 4215 974 4290 7quelibet1quilibetC
1026 4229 1060 4285 14
1078 4214 1115 4275 sit
1126 4217 1235 4276 ciuisC
1287 4230 1321 4288 19
1326 4215 1423 4288 prius

317 4299 347 4345 et
357 4309 411 4347 om.
424 4293 450 4348 C
517 4306 552 4368 33
565 4290 614 4364 qui
626 4307 679 4346 om.
694 4292 719 4347 C
787 4304 822 4359 34
834 4297 967 4360 parentes
976 4287 1031 4345 RC
