<?xml version="1.0" encoding="UTF-8"?>
<!DOCTYPE html PUBLIC "-//W3C//DTD XHTML 1.0 Transitional//EN"
    "http://www.w3.org/TR/xhtml1/DTD/xhtml1-transitional.dtd">
<html xmlns="http://www.w3.org/1999/xhtml" xml:lang="en" lang="en">
 <head>
  <title>
</title>
<meta http-equiv="Content-Type" content="text/html;charset=utf-8" />
  <meta name='ocr-system' content='tesseract 3.04.00' />
  <meta name='ocr-capabilities' content='ocr_page ocr_carea ocr_par ocr_line ocrx_word'/>
</head>
<body>
  <div class='ocr_page' id='page_1' title='image "./denecessariisob00johngoog_0129.png"; bbox 0 0 3096 4832; ppageno 0'>
   <div class='ocr_carea' id='block_1_1' title="bbox 333 237 1542 377">
    <p class='ocr_par' dir='ltr' id='par_1_1' title="bbox 333 237 1542 377">
     <span class='ocr_line' id='line_1_1' title="bbox 333 237 1542 377; baseline -0.007 -19"><span class='ocrx_word' id='word_1_1' title='bbox 333 293 396 358; x_wconf 76' lang='lat' dir='ltr'>ns</span> <span class='ocrx_word' id='word_1_2' title='bbox 701 287 767 356; x_wconf 77' lang='lat' dir='ltr'>nn</span> <span class='ocrx_word' id='word_1_3' title='bbox 791 285 1066 356; x_wconf 77' lang='lat' dir='ltr'>scnccnmo</span> <span class='ocrx_word' id='word_1_4' title='bbox 1307 283 1435 377; x_wconf 66' lang='lat' dir='ltr'>[nur</span> <span class='ocrx_word' id='word_1_5' title='bbox 1541 237 1542 240; x_wconf 5' lang='grc' dir='ltr'>Ὺ</span> 
     </span>
    </p>
   </div>
   <div class='ocr_carea' id='block_1_2' title="bbox 330 441 1435 541">
    <p class='ocr_par' dir='ltr' id='par_1_2' title="bbox 330 441 1435 541">
     <span class='ocr_line' id='line_1_2' title="bbox 330 441 1435 541; baseline -0.007 -9"><span class='ocrx_word' id='word_1_6' title='bbox 330 467 486 532; x_wconf 83' lang='lat' dir='ltr'>thesauro</span> <span class='ocrx_word' id='word_1_7' title='bbox 502 461 638 530; x_wconf 87' lang='lat' dir='ltr'>soluerit</span> <span class='ocrx_word' id='word_1_8' title='bbox 658 461 701 527; x_wconf 85' lang='lat' dir='ltr'>de</span> <span class='ocrx_word' id='word_1_9' title='bbox 715 459 819 540; x_wconf 82' lang='lat' dir='ltr'>firma,</span> <span class='ocrx_word' id='word_1_10' title='bbox 834 479 873 526; x_wconf 90' lang='lat' dir='ltr'>ac</span> <span class='ocrx_word' id='word_1_11' title='bbox 887 460 1018 541; x_wconf 86' lang='lat' dir='ltr'>deinde,</span> <span class='ocrx_word' id='word_1_12' title='bbox 1032 459 1061 526; x_wconf 89' lang='lat' dir='ltr'>si</span> <span class='ocrx_word' id='word_1_13' title='bbox 1079 441 1249 540; x_wconf 81' lang='lat' dir='ltr'>satisfecit,</span> <span class='ocrx_word' id='word_1_14' title='bbox 1264 459 1299 524; x_wconf 89' lang='lat' dir='ltr'>iu</span> <span class='ocrx_word' id='word_1_15' title='bbox 1314 462 1435 525; x_wconf 85' lang='lat' dir='ltr'>eadem</span> 
     </span>
    </p>
   </div>
   <div class='ocr_carea' id='block_1_3' title="bbox 331 562 1542 847">
    <p class='ocr_par' dir='ltr' id='par_1_3' title="bbox 331 562 1542 847">
     <span class='ocr_line' id='line_1_3' title="bbox 331 562 1542 648; baseline -0.007 -14"><span class='ocrx_word' id='word_1_16' title='bbox 331 570 418 634; x_wconf 90' lang='lat' dir='ltr'>linea</span> <span class='ocrx_word' id='word_1_17' title='bbox 443 567 598 633; x_wconf 76' lang='lat' dir='ltr'>scribitur</span> <span class='ocrx_word' id='word_1_18' title='bbox 619 564 687 631; x_wconf 88' lang='lat' dir='ltr'>‘Et</span> <span class='ocrx_word' id='word_1_19' title='bbox 710 565 843 648; x_wconf 90' lang='lat' dir='ltr'>quietus</span> <span class='ocrx_word' id='word_1_20' title='bbox 866 562 936 630; x_wconf 62' lang='lat' dir='ltr'>est!</span> <span class='ocrx_word' id='word_1_21' title='bbox 983 563 1022 631; x_wconf 89' lang='lat' dir='ltr'>Si</span> <span class='ocrx_word' id='word_1_22' title='bbox 1044 583 1121 645; x_wconf 88' lang='lat' dir='ltr'>non,</span> <span class='ocrx_word' id='word_1_23' title='bbox 1135 564 1285 630; x_wconf 88' lang='lat' dir='ltr'>debitum</span> <span class='ocrx_word' id='word_1_24' title='bbox 1309 565 1378 629; x_wconf 87' lang='lat' dir='ltr'>eius</span> <span class='ocrx_word' id='word_1_25' title='bbox 1400 565 1438 627; x_wconf 89' lang='lat' dir='ltr'>in</span> <span class='ocrx_word' id='word_1_26' title='bbox 1541 587 1542 602; x_wconf 54' lang='lat'>1</span> 
     </span>
     <span class='ocr_line' id='line_1_4' title="bbox 331 666 1542 760; baseline -0.007 -21"><span class='ocrx_word' id='word_1_27' title='bbox 331 671 475 738; x_wconf 79' lang='lat' dir='ltr'>inferiori</span> <span class='ocrx_word' id='word_1_28' title='bbox 505 670 591 736; x_wconf 87' lang='lat' dir='ltr'>linea</span> <span class='ocrx_word' id='word_1_29' title='bbox 621 669 776 736; x_wconf 86' lang='lat' dir='ltr'>distincte</span> <span class='ocrx_word' id='word_1_30' title='bbox 804 667 948 753; x_wconf 87' lang='lat' dir='ltr'>ponitur,</span> <span class='ocrx_word' id='word_1_31' title='bbox 976 675 1014 734; x_wconf 85' lang='lat' dir='ltr'>vt</span> <span class='ocrx_word' id='word_1_32' title='bbox 1042 666 1166 734; x_wconf 81' lang='lat' dir='ltr'>sciatur</span> <span class='ocrx_word' id='word_1_33' title='bbox 1193 677 1358 752; x_wconf 87' lang='lat' dir='ltr'>quantum</span> <span class='ocrx_word' id='word_1_34' title='bbox 1392 671 1438 733; x_wconf 90' lang='lat' dir='ltr'>de</span> <span class='ocrx_word' id='word_1_35' title='bbox 1541 691 1542 760; x_wconf 73' lang='lat' dir='ltr'>j</span> 
     </span>
     <span class='ocr_line' id='line_1_5' title="bbox 332 769 1542 847; baseline -0.004 -6"><span class='ocrx_word' id='word_1_36' title='bbox 332 794 463 842; x_wconf 90' lang='lat' dir='ltr'>summa</span> <span class='ocrx_word' id='word_1_37' title='bbox 477 773 564 839; x_wconf 86' lang='lat' dir='ltr'>illius</span> <span class='ocrx_word' id='word_1_38' title='bbox 581 773 713 838; x_wconf 90' lang='lat' dir='ltr'>termini</span> <span class='ocrx_word' id='word_1_39' title='bbox 726 771 822 847; x_wconf 88' lang='lat' dir='ltr'>desit,</span> <span class='ocrx_word' id='word_1_40' title='bbox 834 780 868 838; x_wconf 90' lang='lat' dir='ltr'>et</span> <span class='ocrx_word' id='word_1_41' title='bbox 884 770 998 837; x_wconf 86' lang='lat' dir='ltr'>statim</span> <span class='ocrx_word' id='word_1_42' title='bbox 1010 769 1438 838; x_wconf 80' lang='lat' dir='ltr'>satissaciatadarbitrium</span> <span class='ocrx_word' id='word_1_43' title='bbox 1541 783 1542 822; x_wconf 65' lang='grc' dir='ltr'>ἑ</span> 
     </span>
    </p>
   </div>
   <div class='ocr_carea' id='block_1_4' title="bbox 304 851 1542 962">
    <p class='ocr_par' dir='ltr' id='par_1_4' title="bbox 304 851 1542 962">
     <span class='ocr_line' id='line_1_6' title="bbox 304 851 1542 962; baseline -0.02 -2"><span class='ocrx_word' id='word_1_44' title='bbox 304 877 580 962; x_wconf 82' lang='lat' dir='ltr'>rpresidentium.</span> <span class='ocrx_word' id='word_1_45' title='bbox 640 875 791 960; x_wconf 85' lang='lat' dir='ltr'><strong>Quilibet</strong></span> <span class='ocrx_word' id='word_1_46' title='bbox 805 875 894 940; x_wconf 88' lang='lat' dir='ltr'>enim</span> <span class='ocrx_word' id='word_1_47' title='bbox 907 875 1095 942; x_wconf 83' lang='lat' dir='ltr'>vicecomes</span> <span class='ocrx_word' id='word_1_48' title='bbox 1110 877 1327 943; x_wconf 86' lang='lat' dir='ltr'>medietatem</span> <span class='ocrx_word' id='word_1_49' title='bbox 1342 876 1441 942; x_wconf 84' lang='lat' dir='ltr'>firme</span> <span class='ocrx_word' id='word_1_50' title='bbox 1541 851 1542 900; x_wconf 62' lang='lat'>³</span> 
     </span>
    </p>
   </div>
   <div class='ocr_carea' id='block_1_5' title="bbox 333 979 1441 1066">
    <p class='ocr_par' dir='ltr' id='par_1_5' title="bbox 333 971 1542 1066">
     <span class='ocr_line' id='line_1_7' title="bbox 333 979 1441 1066; baseline 0.004 -19"><span class='ocrx_word' id='word_1_51' title='bbox 333 981 505 1066; x_wconf 88' lang='lat' dir='ltr'>illiusque</span> <span class='ocrx_word' id='word_1_52' title='bbox 527 981 570 1046; x_wconf 85' lang='lat' dir='ltr'>de</span> <span class='ocrx_word' id='word_1_53' title='bbox 592 999 652 1045; x_wconf 91' lang='lat' dir='ltr'>suo</span> <span class='ocrx_word' id='word_1_54' title='bbox 674 979 834 1045; x_wconf 87' lang='lat' dir='ltr'>comitatu</span> <span class='ocrx_word' id='word_1_55' title='bbox 856 999 1061 1063; x_wconf 87' lang='lat' dir='ltr'>perannum</span> <span class='ocrx_word' id='word_1_56' title='bbox 1084 979 1219 1066; x_wconf 78' lang='lat' dir='ltr'><strong>exurgit</strong></span> <span class='ocrx_word' id='word_1_57' title='bbox 1239 981 1272 1046; x_wconf 90' lang='lat' dir='ltr'>in</span> <span class='ocrx_word' id='word_1_58' title='bbox 1292 981 1441 1046; x_wconf 89' lang='lat' dir='ltr'>termino</span> 
     </span>
    </p>
   </div>
   <div class='ocr_carea' id='block_1_6' title="bbox 333 1067 1542 1168">
    <p class='ocr_par' dir='ltr' id='par_1_6' title="bbox 333 1067 1542 1168">
     <span class='ocr_line' id='line_1_8' title="bbox 333 1067 1542 1168; baseline -0.011 -15"><span class='ocrx_word' id='word_1_59' title='bbox 333 1087 391 1154; x_wconf 86' lang='lat' dir='ltr'>illo</span> <span class='ocrx_word' id='word_1_60' title='bbox 417 1085 584 1152; x_wconf 88' lang='lat' dir='ltr'>soluturus</span> <span class='ocrx_word' id='word_1_61' title='bbox 611 1093 672 1150; x_wconf 93' lang='lat' dir='ltr'>est.</span> <span class='ocrx_word' id='word_1_62' title='bbox 717 1083 861 1149; x_wconf 86' lang='lat' dir='ltr'>Noueris</span> <span class='ocrx_word' id='word_1_63' title='bbox 887 1092 1000 1150; x_wconf 88' lang='lat' dir='ltr'>autem</span> <span class='ocrx_word' id='word_1_64' title='bbox 1027 1084 1119 1168; x_wconf 94' lang='lat' dir='ltr'>quod</span> <span class='ocrx_word' id='word_1_65' title='bbox 1147 1085 1181 1148; x_wconf 90' lang='lat' dir='ltr'>in</span> <span class='ocrx_word' id='word_1_66' title='bbox 1205 1084 1269 1150; x_wconf 88' lang='lat' dir='ltr'>hiis</span> <span class='ocrx_word' id='word_1_67' title='bbox 1289 1105 1442 1150; x_wconf 86' lang='lat' dir='ltr'>summo·</span> <span class='ocrx_word' id='word_1_68' title='bbox 1541 1067 1542 1140; x_wconf 63' lang='grc' dir='ltr'>ἒ</span> 
     </span>
    </p>
   </div>
   <div class='ocr_carea' id='block_1_7' title="bbox 333 1177 1542 1274">
    <p class='ocr_par' dir='ltr' id='par_1_7' title="bbox 333 1177 1542 1274">
     <span class='ocr_line' id='line_1_9' title="bbox 333 1177 1542 1274; baseline -0.002 -20"><span class='ocrx_word' id='word_1_69' title='bbox 333 1189 512 1254; x_wconf 82' lang='lat' dir='ltr'>ultionibus</span> <span class='ocrx_word' id='word_1_70' title='bbox 533 1197 628 1252; x_wconf 90' lang='lat' dir='ltr'>tenor</span> <span class='ocrx_word' id='word_1_71' title='bbox 650 1185 826 1254; x_wconf 88' lang='lat' dir='ltr'>verborum</span> <span class='ocrx_word' id='word_1_72' title='bbox 847 1207 912 1252; x_wconf 91' lang='lat' dir='ltr'>non</span> <span class='ocrx_word' id='word_1_73' title='bbox 935 1197 1084 1254; x_wconf 87' lang='lat' dir='ltr'>mutatur</span> <span class='ocrx_word' id='word_1_74' title='bbox 1105 1187 1168 1253; x_wconf 88' lang='lat' dir='ltr'>nisi</span> <span class='ocrx_word' id='word_1_75' title='bbox 1190 1187 1281 1274; x_wconf 89' lang='lat' dir='ltr'>quod</span> <span class='ocrx_word' id='word_1_76' title='bbox 1299 1189 1344 1254; x_wconf 90' lang='lat' dir='ltr'>ad</span> <span class='ocrx_word' id='word_1_77' title='bbox 1370 1196 1440 1253; x_wconf 86' lang='lat' dir='ltr'>ter·</span> <span class='ocrx_word' id='word_1_78' title='bbox 1541 1177 1542 1242; x_wconf 55' lang='grc' dir='ltr'>ἶ</span> 
     </span>
    </p>
   </div>
   <div class='ocr_carea' id='block_1_8' title="bbox 291 1289 1542 1582">
    <p class='ocr_par' dir='ltr' id='par_1_8' title="bbox 291 1289 1542 1582">
     <span class='ocr_line' id='line_1_10' title="bbox 300 1289 1542 1386; baseline 0 -30"><span class='ocrx_word' id='word_1_79' title='bbox 300 1293 462 1360; x_wconf 73' lang='lat' dir='ltr'>uminum</span> <span class='ocrx_word' id='word_1_80' title='bbox 482 1292 626 1377; x_wconf 85' lang='lat' dir='ltr'>pertinet</span> <span class='ocrx_word' id='word_1_81' title='bbox 650 1290 702 1356; x_wconf 87' lang='lat' dir='ltr'>vel</span> <span class='ocrx_word' id='word_1_82' title='bbox 727 1289 846 1368; x_wconf 89' lang='lat' dir='ltr'>locum,</span> <span class='ocrx_word' id='word_1_83' title='bbox 868 1289 895 1356; x_wconf 88' lang='lat' dir='ltr'>si</span> <span class='ocrx_word' id='word_1_84' title='bbox 918 1290 1043 1386; x_wconf 82' lang='lat' dir='ltr'>scilicet</span> <span class='ocrx_word' id='word_1_85' title='bbox 1064 1292 1270 1357; x_wconf 80' lang='lat' dir='ltr'>decreuerint</span> <span class='ocrx_word' id='word_1_86' title='bbox 1295 1291 1442 1357; x_wconf 85' lang='lat' dir='ltr'>maiores</span> <span class='ocrx_word' id='word_1_87' title='bbox 1541 1293 1542 1356; x_wconf 77' lang='grc' dir='ltr'>ᾗ</span> 
     </span>
     <span class='ocr_line' id='line_1_11' title="bbox 291 1393 1542 1488; baseline 0.003 -34"><span class='ocrx_word' id='word_1_88' title='bbox 291 1417 325 1454; x_wconf 85' lang='grc' dir='ltr'>ιο</span> <span class='ocrx_word' id='word_1_89' title='bbox 336 1397 416 1462; x_wconf 86' lang='lat' dir='ltr'>alias</span> <span class='ocrx_word' id='word_1_90' title='bbox 431 1395 610 1461; x_wconf 86' lang='lat' dir='ltr'>tenendum</span> <span class='ocrx_word' id='word_1_91' title='bbox 627 1393 827 1460; x_wconf 82' lang='lat' dir='ltr'>scaccarium</span> <span class='ocrx_word' id='word_1_92' title='bbox 840 1393 967 1458; x_wconf 85' lang='lat' dir='ltr'>Pasche</span> <span class='ocrx_word' id='word_1_93' title='bbox 984 1393 1115 1460; x_wconf 84' lang='lat' dir='ltr'>etalias</span> <span class='ocrx_word' id='word_1_94' title='bbox 1129 1395 1234 1461; x_wconf 89' lang='lat' dir='ltr'>sancti</span> <span class='ocrx_word' id='word_1_95' title='bbox 1250 1393 1442 1460; x_wconf 85' lang='lat' dir='ltr'>Michaelis.</span> <span class='ocrx_word' id='word_1_96' title='bbox 1541 1485 1542 1488; x_wconf 8' lang='grc' dir='ltr'><strong>Ἴ</strong></span> 
     </span>
     <span class='ocr_line' id='line_1_12' title="bbox 336 1496 1542 1582; baseline -0.003 -17"><span class='ocrx_word' id='word_1_97' title='bbox 336 1499 415 1579; x_wconf 86' lang='lat' dir='ltr'>Sed,</span> <span class='ocrx_word' id='word_1_98' title='bbox 429 1499 547 1564; x_wconf 85' lang='lat' dir='ltr'>eadem</span> <span class='ocrx_word' id='word_1_99' title='bbox 566 1497 689 1563; x_wconf 88' lang='lat' dir='ltr'>virtute</span> <span class='ocrx_word' id='word_1_100' title='bbox 709 1496 885 1562; x_wconf 89' lang='lat' dir='ltr'>verborum</span> <span class='ocrx_word' id='word_1_101' title='bbox 906 1497 940 1561; x_wconf 88' lang='lat' dir='ltr'>in</span> <span class='ocrx_word' id='word_1_102' title='bbox 958 1497 1107 1582; x_wconf 85' lang='lat' dir='ltr'>vtrisqne</span> <span class='ocrx_word' id='word_1_103' title='bbox 1123 1496 1443 1564; x_wconf 77' lang='lat' dir='ltr'>commonitionibus</span> <span class='ocrx_word' id='word_1_104' title='bbox 1541 1545 1542 1582; x_wconf 60' lang='lat'>3</span> 
     </span>
    </p>
   </div>
   <div class='ocr_carea' id='block_1_9' title="bbox 335 1599 1442 1687">
    <p class='ocr_par' dir='ltr' id='par_1_9' title="bbox 335 1599 1542 1687">
     <span class='ocr_line' id='line_1_13' title="bbox 335 1599 1442 1687; baseline -0.007 -18"><span class='ocrx_word' id='word_1_105' title='bbox 335 1610 476 1678; x_wconf 83' lang='lat' dir='ltr'>seruata,</span> <span class='ocrx_word' id='word_1_106' title='bbox 501 1601 669 1668; x_wconf 90' lang='lat' dir='ltr'>dissimilis</span> <span class='ocrx_word' id='word_1_107' title='bbox 701 1608 752 1666; x_wconf 83' lang='lat' dir='ltr'>est</span> <span class='ocrx_word' id='word_1_108' title='bbox 784 1599 973 1665; x_wconf 87' lang='lat' dir='ltr'>debitorum</span> <span class='ocrx_word' id='word_1_109' title='bbox 1003 1612 1220 1687; x_wconf 87' lang='lat' dir='ltr'>exceptorum</span> <span class='ocrx_word' id='word_1_110' title='bbox 1251 1601 1442 1668; x_wconf 83' lang='lat' dir='ltr'>annotatio.</span> 
     </span>
    </p>
   </div>
   <div class='ocr_carea' id='block_1_10' title="bbox 337 1704 1443 1790">
    <p class='ocr_par' dir='ltr' id='par_1_10' title="bbox 337 1691 1542 1792">
     <span class='ocr_line' id='line_1_14' title="bbox 337 1704 1443 1790; baseline 0.001 -17"><span class='ocrx_word' id='word_1_111' title='bbox 337 1709 378 1774; x_wconf 91' lang='lat' dir='ltr'>In</span> <span class='ocrx_word' id='word_1_112' title='bbox 399 1706 658 1772; x_wconf 84' lang='lat' dir='ltr'>summonitione</span> <span class='ocrx_word' id='word_1_113' title='bbox 680 1725 826 1790; x_wconf 86' lang='lat' dir='ltr'>namque</span> <span class='ocrx_word' id='word_1_114' title='bbox 850 1714 965 1770; x_wconf 88' lang='lat' dir='ltr'>contra</span> <span class='ocrx_word' id='word_1_115' title='bbox 990 1707 1170 1771; x_wconf 87' lang='lat' dir='ltr'>terminum</span> <span class='ocrx_word' id='word_1_116' title='bbox 1190 1704 1318 1772; x_wconf 81' lang='lat' dir='ltr'>Pasche</span> <span class='ocrx_word' id='word_1_117' title='bbox 1340 1705 1443 1786; x_wconf 85' lang='lat' dir='ltr'>sacta,</span> 
     </span>
    </p>
   </div>
   <div class='ocr_carea' id='block_1_11' title="bbox 293 1807 1542 2088">
    <p class='ocr_par' dir='ltr' id='par_1_11' title="bbox 293 1805 1542 2088">
     <span class='ocr_line' id='line_1_15' title="bbox 335 1807 1443 1897; baseline -0.002 -21"><span class='ocrx_word' id='word_1_118' title='bbox 335 1812 415 1897; x_wconf 91' lang='lat' dir='ltr'>quia</span> <span class='ocrx_word' id='word_1_119' title='bbox 431 1820 511 1876; x_wconf 87' lang='lat' dir='ltr'>tunc</span> <span class='ocrx_word' id='word_1_120' title='bbox 531 1830 636 1875; x_wconf 90' lang='lat' dir='ltr'>annus</span> <span class='ocrx_word' id='word_1_121' title='bbox 654 1807 708 1874; x_wconf 89' lang='lat' dir='ltr'>ille</span> <span class='ocrx_word' id='word_1_122' title='bbox 726 1809 844 1874; x_wconf 89' lang='lat' dir='ltr'>dicitur</span> <span class='ocrx_word' id='word_1_123' title='bbox 862 1808 993 1890; x_wconf 89' lang='lat' dir='ltr'>initiari,</span> <span class='ocrx_word' id='word_1_124' title='bbox 1011 1809 1205 1895; x_wconf 88' lang='lat' dir='ltr'>simpliciter</span> <span class='ocrx_word' id='word_1_125' title='bbox 1224 1809 1360 1889; x_wconf 87' lang='lat' dir='ltr'>dicetur,</span> <span class='ocrx_word' id='word_1_126' title='bbox 1374 1815 1383 1845; x_wconf 90' lang='lat'>‘</span> <span class='ocrx_word' id='word_1_127' title='bbox 1398 1811 1443 1875; x_wconf 85' lang='lat' dir='ltr'>dc</span> 
     </span>
     <span class='ocr_line' id='line_1_16' title="bbox 293 1911 1542 1987; baseline 0.002 -13"><span class='ocrx_word' id='word_1_128' title='bbox 293 1935 324 1987; x_wconf 71' lang='lat'>¹⁵</span> <span class='ocrx_word' id='word_1_129' title='bbox 338 1916 397 1980; x_wconf 91' lang='lat' dir='ltr'>illo</span> <span class='ocrx_word' id='word_1_130' title='bbox 411 1913 534 1980; x_wconf 86' lang='lat' dir='ltr'>habeas</span> <span class='ocrx_word' id='word_1_131' title='bbox 549 1911 593 1976; x_wconf 87' lang='lat' dir='ltr'>x.’</span> <span class='ocrx_word' id='word_1_132' title='bbox 647 1912 694 1978; x_wconf 91' lang='lat' dir='ltr'>Et</span> <span class='ocrx_word' id='word_1_133' title='bbox 709 1911 829 1978; x_wconf 87' lang='lat' dir='ltr'>dehac</span> <span class='ocrx_word' id='word_1_134' title='bbox 844 1913 1104 1979; x_wconf 86' lang='lat' dir='ltr'>summonitione</span> <span class='ocrx_word' id='word_1_135' title='bbox 1116 1932 1182 1978; x_wconf 87' lang='lat' dir='ltr'>non</span> <span class='ocrx_word' id='word_1_136' title='bbox 1198 1913 1260 1978; x_wconf 90' lang='lat' dir='ltr'>nisi</span> <span class='ocrx_word' id='word_1_137' title='bbox 1273 1912 1443 1978; x_wconf 89' lang='lat' dir='ltr'>soluendo</span> <span class='ocrx_word' id='word_1_138' title='bbox 1541 1911 1542 1956; x_wconf 52' lang='grc' dir='ltr'>ἴ</span> 
     </span>
     <span class='ocr_line' id='line_1_17' title="bbox 337 2014 1542 2088; baseline 0.002 -3"><span class='ocrx_word' id='word_1_139' title='bbox 337 2029 418 2085; x_wconf 88' lang='lat' dir='ltr'>tunc</span> <span class='ocrx_word' id='word_1_140' title='bbox 436 2017 491 2083; x_wconf 90' lang='lat' dir='ltr'>vel</span> <span class='ocrx_word' id='word_1_141' title='bbox 509 2014 742 2083; x_wconf 82' lang='lat' dir='ltr'>satisfaciendo</span> <span class='ocrx_word' id='word_1_142' title='bbox 759 2016 803 2081; x_wconf 90' lang='lat' dir='ltr'>de</span> <span class='ocrx_word' id='word_1_143' title='bbox 823 2037 858 2080; x_wconf 85' lang='lat' dir='ltr'>x.</span> <span class='ocrx_word' id='word_1_144' title='bbox 873 2014 1072 2082; x_wconf 87' lang='lat' dir='ltr'>absoluetur.</span> <span class='ocrx_word' id='word_1_145' title='bbox 1124 2016 1177 2082; x_wconf 89' lang='lat' dir='ltr'>At</span> <span class='ocrx_word' id='word_1_146' title='bbox 1190 2037 1269 2082; x_wconf 92' lang='lat' dir='ltr'>cum</span> <span class='ocrx_word' id='word_1_147' title='bbox 1287 2016 1443 2083; x_wconf 84' lang='lat' dir='ltr'>iacienda</span> <span class='ocrx_word' id='word_1_148' title='bbox 1541 2031 1542 2088; x_wconf 81' lang='lat' dir='ltr'>l</span> 
     </span>
    </p>
   </div>
   <div class='ocr_carea' id='block_1_12' title="bbox 295 2109 1542 2620">
    <p class='ocr_par' dir='ltr' id='par_1_12' title="bbox 295 2109 1542 2630">
     <span class='ocr_line' id='line_1_18' title="bbox 338 2109 1542 2206; baseline -0.004 -17"><span class='ocrx_word' id='word_1_149' title='bbox 338 2134 390 2189; x_wconf 90' lang='lat' dir='ltr'>est</span> <span class='ocrx_word' id='word_1_150' title='bbox 400 2121 616 2188; x_wconf 88' lang='lat' dir='ltr'>summonitio</span> <span class='ocrx_word' id='word_1_151' title='bbox 626 2120 669 2186; x_wconf 92' lang='lat' dir='ltr'>de</span> <span class='ocrx_word' id='word_1_152' title='bbox 680 2121 823 2186; x_wconf 84' lang='lat' dir='ltr'>termino</span> <span class='ocrx_word' id='word_1_153' title='bbox 834 2122 941 2186; x_wconf 87' lang='lat' dir='ltr'>sancti</span> <span class='ocrx_word' id='word_1_154' title='bbox 953 2119 1134 2202; x_wconf 85' lang='lat' dir='ltr'>Michaelis,</span> <span class='ocrx_word' id='word_1_155' title='bbox 1146 2121 1181 2185; x_wconf 91' lang='lat' dir='ltr'>in</span> <span class='ocrx_word' id='word_1_156' title='bbox 1195 2141 1263 2206; x_wconf 93' lang='lat' dir='ltr'>quo</span> <span class='ocrx_word' id='word_1_157' title='bbox 1274 2121 1444 2188; x_wconf 85' lang='lat' dir='ltr'>clauditur</span> <span class='ocrx_word' id='word_1_158' title='bbox 1541 2109 1542 2194; x_wconf 68' lang='lat' dir='ltr'>i</span> 
     </span>
     <span class='ocr_line' id='line_1_19' title="bbox 339 2205 1542 2304; baseline -0.002 -12"><span class='ocrx_word' id='word_1_159' title='bbox 339 2237 373 2292; x_wconf 88' lang='lat' dir='ltr'>et</span> <span class='ocrx_word' id='word_1_160' title='bbox 394 2225 589 2290; x_wconf 83' lang='lat' dir='ltr'>terminatur</span> <span class='ocrx_word' id='word_1_161' title='bbox 610 2225 699 2290; x_wconf 87' lang='lat' dir='ltr'>idem</span> <span class='ocrx_word' id='word_1_162' title='bbox 725 2245 831 2289; x_wconf 86' lang='lat' dir='ltr'>annus</span> <span class='ocrx_word' id='word_1_163' title='bbox 852 2234 886 2291; x_wconf 88' lang='lat' dir='ltr'>et</span> <span class='ocrx_word' id='word_1_164' title='bbox 908 2223 947 2290; x_wconf 87' lang='lat' dir='ltr'>fit</span> <span class='ocrx_word' id='word_1_165' title='bbox 967 2224 1095 2290; x_wconf 77' lang='lat' dir='ltr'>annalis</span> <span class='ocrx_word' id='word_1_166' title='bbox 1117 2225 1252 2304; x_wconf 88' lang='lat' dir='ltr'>rotulus,</span> <span class='ocrx_word' id='word_1_167' title='bbox 1274 2225 1445 2290; x_wconf 85' lang='lat' dir='ltr'>addentur</span> <span class='ocrx_word' id='word_1_168' title='bbox 1541 2205 1542 2278; x_wconf 63' lang='lat' dir='ltr'>i</span> 
     </span>
     <span class='ocr_line' id='line_1_20' title="bbox 338 2326 1443 2414; baseline -0.002 -20"><span class='ocrx_word' id='word_1_169' title='bbox 338 2327 498 2414; x_wconf 90' lang='lat' dir='ltr'>predictis</span> <span class='ocrx_word' id='word_1_170' title='bbox 515 2349 550 2392; x_wconf 85' lang='lat' dir='ltr'>x.</span> <span class='ocrx_word' id='word_1_171' title='bbox 566 2326 632 2394; x_wconf 89' lang='lat' dir='ltr'>alia</span> <span class='ocrx_word' id='word_1_172' title='bbox 645 2349 680 2392; x_wconf 92' lang='lat' dir='ltr'>x.</span> <span class='ocrx_word' id='word_1_173' title='bbox 695 2327 749 2393; x_wconf 90' lang='lat' dir='ltr'>vel</span> <span class='ocrx_word' id='word_1_174' title='bbox 761 2328 865 2411; x_wconf 86' lang='lat' dir='ltr'>plura,</span> <span class='ocrx_word' id='word_1_175' title='bbox 880 2326 966 2394; x_wconf 87' lang='lat' dir='ltr'>sicut</span> <span class='ocrx_word' id='word_1_176' title='bbox 979 2329 1224 2411; x_wconf 86' lang='lat' dir='ltr'>presidentibus</span> <span class='ocrx_word' id='word_1_177' title='bbox 1239 2329 1443 2395; x_wconf 82' lang='lat' dir='ltr'>taxantibus</span> 
     </span>
     <span class='ocr_line' id='line_1_21' title="bbox 295 2429 1443 2518; baseline 0.006 -27"><span class='ocrx_word' id='word_1_178' title='bbox 295 2433 446 2499; x_wconf 71' lang='lat' dir='ltr'>revisum</span> <span class='ocrx_word' id='word_1_179' title='bbox 469 2431 578 2512; x_wconf 85' lang='lat' dir='ltr'>suerit,</span> <span class='ocrx_word' id='word_1_180' title='bbox 592 2440 627 2497; x_wconf 88' lang='lat' dir='ltr'>et</span> <span class='ocrx_word' id='word_1_181' title='bbox 646 2431 784 2510; x_wconf 90' lang='lat' dir='ltr'>dicetur,</span> <span class='ocrx_word' id='word_1_182' title='bbox 798 2433 861 2496; x_wconf 86' lang='lat' dir='ltr'>‘de</span> <span class='ocrx_word' id='word_1_183' title='bbox 881 2429 938 2496; x_wconf 93' lang='lat' dir='ltr'>illo</span> <span class='ocrx_word' id='word_1_184' title='bbox 960 2431 1085 2498; x_wconf 81' lang='lat' dir='ltr'>habeas</span> <span class='ocrx_word' id='word_1_185' title='bbox 1104 2432 1175 2497; x_wconf 62' lang='lat' dir='ltr'>xx?</span> <span class='ocrx_word' id='word_1_186' title='bbox 1195 2435 1254 2518; x_wconf 92' lang='lat' dir='ltr'>qui</span> <span class='ocrx_word' id='word_1_187' title='bbox 1270 2443 1389 2499; x_wconf 88' lang='lat' dir='ltr'>tamen</span> <span class='ocrx_word' id='word_1_188' title='bbox 1409 2435 1443 2498; x_wconf 90' lang='lat' dir='ltr'>in</span> 
     </span>
     <span class='ocr_line' id='line_1_22' title="bbox 340 2535 1444 2620; baseline 0.002 -18"><span class='ocrx_word' id='word_1_189' title='bbox 340 2537 481 2602; x_wconf 88' lang='lat' dir='ltr'>termino</span> <span class='ocrx_word' id='word_1_190' title='bbox 498 2535 624 2603; x_wconf 85' lang='lat' dir='ltr'>Pasche</span> <span class='ocrx_word' id='word_1_191' title='bbox 641 2537 684 2601; x_wconf 92' lang='lat' dir='ltr'>de</span> <span class='ocrx_word' id='word_1_192' title='bbox 699 2535 762 2600; x_wconf 83' lang='lat' dir='ltr'>hac</span> <span class='ocrx_word' id='word_1_193' title='bbox 777 2535 849 2620; x_wconf 86' lang='lat' dir='ltr'>ipsa</span> <span class='ocrx_word' id='word_1_194' title='bbox 868 2555 1000 2602; x_wconf 89' lang='lat' dir='ltr'>summa</span> <span class='ocrx_word' id='word_1_195' title='bbox 1015 2535 1219 2618; x_wconf 66' lang='lat' dir='ltr'>resoluerat,</span> <span class='ocrx_word' id='word_1_196' title='bbox 1234 2547 1286 2604; x_wconf 88' lang='lat' dir='ltr'>set</span> <span class='ocrx_word' id='word_1_197' title='bbox 1307 2536 1444 2604; x_wconf 87' lang='lat' dir='ltr'>soluens</span> 
     </span>
    </p>
   </div>
   <div class='ocr_carea' id='block_1_13' title="bbox 338 2639 1542 2922">
    <p class='ocr_par' dir='ltr' id='par_1_13' title="bbox 338 2639 1542 2922">
     <span class='ocr_line' id='line_1_23' title="bbox 341 2639 1542 2726; baseline 0.002 -22"><span class='ocrx_word' id='word_1_198' title='bbox 341 2663 376 2707; x_wconf 87' lang='lat' dir='ltr'>x.</span> <span class='ocrx_word' id='word_1_199' title='bbox 399 2641 433 2706; x_wconf 91' lang='lat' dir='ltr'>in</span> <span class='ocrx_word' id='word_1_200' title='bbox 455 2640 599 2706; x_wconf 84' lang='lat' dir='ltr'>denariis</span> <span class='ocrx_word' id='word_1_201' title='bbox 619 2659 715 2718; x_wconf 90' lang='lat' dir='ltr'>nunc,</span> <span class='ocrx_word' id='word_1_202' title='bbox 733 2651 768 2706; x_wconf 87' lang='lat' dir='ltr'>et</span> <span class='ocrx_word' id='word_1_203' title='bbox 785 2639 955 2726; x_wconf 84' lang='lat' dir='ltr'>proferens</span> <span class='ocrx_word' id='word_1_204' title='bbox 975 2640 1097 2706; x_wconf 76' lang='lat' dir='ltr'>taleam</span> <span class='ocrx_word' id='word_1_205' title='bbox 1125 2641 1168 2708; x_wconf 89' lang='lat' dir='ltr'>de</span> <span class='ocrx_word' id='word_1_206' title='bbox 1187 2663 1221 2708; x_wconf 86' lang='lat' dir='ltr'>x.</span> <span class='ocrx_word' id='word_1_207' title='bbox 1244 2643 1443 2709; x_wconf 85' lang='lat' dir='ltr'>iamdudum</span> <span class='ocrx_word' id='word_1_208' title='bbox 1541 2677 1542 2692; x_wconf 34' lang='grc' dir='ltr'><strong>κ</strong></span> 
     </span>
     <span class='ocr_line' id='line_1_24' title="bbox 338 2725 1542 2812; baseline -0.001 -1"><span class='ocrx_word' id='word_1_209' title='bbox 338 2745 459 2812; x_wconf 87' lang='lat' dir='ltr'>solutis</span> <span class='ocrx_word' id='word_1_210' title='bbox 484 2743 613 2810; x_wconf 89' lang='lat' dir='ltr'>absolui</span> <span class='ocrx_word' id='word_1_211' title='bbox 644 2744 823 2809; x_wconf 87' lang='lat' dir='ltr'>merebitur</span> <span class='ocrx_word' id='word_1_212' title='bbox 854 2765 875 2810; x_wconf 84' lang='lat' dir='ltr'>a</span> <span class='ocrx_word' id='word_1_213' title='bbox 903 2745 1171 2812; x_wconf 81' lang='lat' dir='ltr'>summonitione</span> <span class='ocrx_word' id='word_1_214' title='bbox 1224 2746 1364 2812; x_wconf 92' lang='lat' dir='ltr'>Dictum</span> <span class='ocrx_word' id='word_1_215' title='bbox 1393 2758 1443 2811; x_wconf 82' lang='lat' dir='ltr'>est</span> <span class='ocrx_word' id='word_1_216' title='bbox 1541 2725 1542 2810; x_wconf 59' lang='grc' dir='ltr'>Ῐ</span> 
     </span>
     <span class='ocr_line' id='line_1_25' title="bbox 340 2847 1542 2922; baseline 0 -8"><span class='ocrx_word' id='word_1_217' title='bbox 340 2851 430 2916; x_wconf 86' lang='lat' dir='ltr'>enim</span> <span class='ocrx_word' id='word_1_218' title='bbox 449 2849 482 2915; x_wconf 93' lang='lat' dir='ltr'>in</span> <span class='ocrx_word' id='word_1_219' title='bbox 508 2847 765 2914; x_wconf 88' lang='lat' dir='ltr'>summonitione</span> <span class='ocrx_word' id='word_1_220' title='bbox 788 2848 871 2913; x_wconf 86' lang='lat' dir='ltr'>‘bec</span> <span class='ocrx_word' id='word_1_221' title='bbox 896 2847 1010 2914; x_wconf 83' lang='lat' dir='ltr'>omnia</span> <span class='ocrx_word' id='word_1_222' title='bbox 1032 2849 1158 2916; x_wconf 84' lang='lat' dir='ltr'>habeas</span> <span class='ocrx_word' id='word_1_223' title='bbox 1179 2849 1213 2916; x_wconf 91' lang='lat' dir='ltr'>in</span> <span class='ocrx_word' id='word_1_224' title='bbox 1238 2849 1386 2915; x_wconf 86' lang='lat' dir='ltr'>denariis</span> <span class='ocrx_word' id='word_1_225' title='bbox 1409 2861 1443 2914; x_wconf 83' lang='lat' dir='ltr'>et</span> <span class='ocrx_word' id='word_1_226' title='bbox 1541 2863 1542 2922; x_wconf 72' lang='lat' dir='ltr'>t</span> 
     </span>
    </p>
   </div>
   <div class='ocr_carea' id='block_1_14' title="bbox 298 2939 1542 3140">
    <p class='ocr_par' dir='ltr' id='par_1_14' title="bbox 298 2939 1542 3140">
     <span class='ocr_line' id='line_1_26' title="bbox 298 2939 1542 3036; baseline 0.004 -24"><span class='ocrx_word' id='word_1_227' title='bbox 298 2975 329 3026; x_wconf 72' lang='lat'>25</span> <span class='ocrx_word' id='word_1_228' title='bbox 341 2952 497 3018; x_wconf 91' lang='lat' dir='ltr'>breuibus</span> <span class='ocrx_word' id='word_1_229' title='bbox 526 2961 560 3018; x_wconf 90' lang='lat' dir='ltr'>et</span> <span class='ocrx_word' id='word_1_230' title='bbox 589 2947 705 3018; x_wconf 69' lang='lat' dir='ltr'>taleis!</span> <span class='ocrx_word' id='word_1_231' title='bbox 751 2950 893 3017; x_wconf 89' lang='lat' dir='ltr'>Noueris</span> <span class='ocrx_word' id='word_1_232' title='bbox 922 2959 1073 3036; x_wconf 86' lang='lat' dir='ltr'>preterea</span> <span class='ocrx_word' id='word_1_233' title='bbox 1102 2952 1203 3035; x_wconf 89' lang='lat' dir='ltr'>quod,</span> <span class='ocrx_word' id='word_1_234' title='bbox 1233 2951 1324 3018; x_wconf 84' lang='lat' dir='ltr'>facta</span> <span class='ocrx_word' id='word_1_235' title='bbox 1353 2973 1444 3018; x_wconf 90' lang='lat' dir='ltr'>sum·</span> <span class='ocrx_word' id='word_1_236' title='bbox 1541 2939 1542 3006; x_wconf 54' lang='grc' dir='ltr'>ἐ</span> 
     </span>
     <span class='ocr_line' id='line_1_27' title="bbox 342 3055 1443 3140; baseline 0 -19"><span class='ocrx_word' id='word_1_237' title='bbox 342 3056 532 3133; x_wconf 89' lang='lat' dir='ltr'>monitione,</span> <span class='ocrx_word' id='word_1_238' title='bbox 561 3055 589 3119; x_wconf 85' lang='lat' dir='ltr'>si</span> <span class='ocrx_word' id='word_1_239' title='bbox 617 3057 699 3121; x_wconf 90' lang='lat' dir='ltr'>dum</span> <span class='ocrx_word' id='word_1_240' title='bbox 729 3055 902 3140; x_wconf 83' lang='lat' dir='ltr'>corrigitur</span> <span class='ocrx_word' id='word_1_241' title='bbox 933 3055 1087 3121; x_wconf 88' lang='lat' dir='ltr'>inuentus</span> <span class='ocrx_word' id='word_1_242' title='bbox 1117 3057 1210 3121; x_wconf 84' lang='lat' dir='ltr'>fuerit</span> <span class='ocrx_word' id='word_1_243' title='bbox 1243 3077 1344 3134; x_wconf 88' lang='lat' dir='ltr'>error,</span> <span class='ocrx_word' id='word_1_244' title='bbox 1376 3077 1443 3122; x_wconf 88' lang='lat' dir='ltr'>non</span> 
     </span>
    </p>
   </div>
   <div class='ocr_carea' id='block_1_15' title="bbox 315 3157 1542 3350">
    <p class='ocr_par' dir='ltr' id='par_1_15' title="bbox 315 3157 1542 3350">
     <span class='ocr_line' id='line_1_28' title="bbox 315 3157 1542 3246; baseline 0.004 -27"><span class='ocrx_word' id='word_1_245' title='bbox 315 3209 319 3218; x_wconf 93' lang='lat'>.</span> <span class='ocrx_word' id='word_1_246' title='bbox 341 3159 442 3224; x_wconf 84' lang='lat' dir='ltr'>debet</span> <span class='ocrx_word' id='word_1_247' title='bbox 457 3159 620 3225; x_wconf 89' lang='lat' dir='ltr'>subducta</span> <span class='ocrx_word' id='word_1_248' title='bbox 640 3159 726 3225; x_wconf 89' lang='lat' dir='ltr'>linea</span> <span class='ocrx_word' id='word_1_249' title='bbox 742 3157 912 3225; x_wconf 87' lang='lat' dir='ltr'>cancellari</span> <span class='ocrx_word' id='word_1_250' title='bbox 930 3167 983 3224; x_wconf 87' lang='lat' dir='ltr'>set</span> <span class='ocrx_word' id='word_1_251' title='bbox 1003 3179 1066 3226; x_wconf 90' lang='lat' dir='ltr'>nec</span> <span class='ocrx_word' id='word_1_252' title='bbox 1082 3161 1207 3240; x_wconf 81' lang='lat' dir='ltr'>abradi,</span> <span class='ocrx_word' id='word_1_253' title='bbox 1224 3160 1304 3245; x_wconf 87' lang='lat' dir='ltr'>quia</span> <span class='ocrx_word' id='word_1_254' title='bbox 1323 3171 1444 3246; x_wconf 85' lang='lat' dir='ltr'>patens</span> <span class='ocrx_word' id='word_1_255' title='bbox 1541 3159 1542 3166; x_wconf 76' lang='grc'>’</span> 
     </span>
     <span class='ocr_line' id='line_1_29' title="bbox 342 3263 1542 3350; baseline 0.002 -24"><span class='ocrx_word' id='word_1_256' title='bbox 342 3264 502 3347; x_wconf 90' lang='lat' dir='ltr'>scriptum</span> <span class='ocrx_word' id='word_1_257' title='bbox 532 3271 592 3341; x_wconf 88' lang='lat' dir='ltr'>est,</span> <span class='ocrx_word' id='word_1_258' title='bbox 615 3263 719 3328; x_wconf 90' lang='lat' dir='ltr'>immo</span> <span class='ocrx_word' id='word_1_259' title='bbox 750 3264 860 3347; x_wconf 87' lang='lat' dir='ltr'>potius</span> <span class='ocrx_word' id='word_1_260' title='bbox 883 3263 917 3327; x_wconf 91' lang='lat' dir='ltr'>in</span> <span class='ocrx_word' id='word_1_261' title='bbox 942 3283 1011 3348; x_wconf 91' lang='lat' dir='ltr'>quo</span> <span class='ocrx_word' id='word_1_262' title='bbox 1040 3275 1186 3330; x_wconf 88' lang='lat' dir='ltr'>erratum</span> <span class='ocrx_word' id='word_1_263' title='bbox 1215 3263 1315 3330; x_wconf 82' lang='lat' dir='ltr'>suerit</span> <span class='ocrx_word' id='word_1_264' title='bbox 1341 3265 1444 3332; x_wconf 83' lang='lat' dir='ltr'>debet</span> <span class='ocrx_word' id='word_1_265' title='bbox 1541 3277 1542 3350; x_wconf 60' lang='lat' dir='ltr'>t</span> 
     </span>
    </p>
   </div>
   <div class='ocr_carea' id='block_1_16' title="bbox 343 3365 1542 3453">
    <p class='ocr_par' dir='ltr' id='par_1_16' title="bbox 343 3351 1542 3453">
     <span class='ocr_line' id='line_1_30' title="bbox 343 3365 1542 3453; baseline 0.004 -23"><span class='ocrx_word' id='word_1_266' title='bbox 343 3367 475 3450; x_wconf 88' lang='lat' dir='ltr'>penitus</span> <span class='ocrx_word' id='word_1_267' title='bbox 500 3365 678 3446; x_wconf 86' lang='lat' dir='ltr'>obliterari,</span> <span class='ocrx_word' id='word_1_268' title='bbox 703 3376 741 3432; x_wconf 89' lang='lat' dir='ltr'>vt</span> <span class='ocrx_word' id='word_1_269' title='bbox 765 3369 857 3450; x_wconf 91' lang='lat' dir='ltr'>quod</span> <span class='ocrx_word' id='word_1_270' title='bbox 882 3367 1042 3451; x_wconf 91' lang='lat' dir='ltr'>scriptum</span> <span class='ocrx_word' id='word_1_271' title='bbox 1067 3368 1185 3448; x_wconf 81' lang='lat' dir='ltr'>fuerat,</span> <span class='ocrx_word' id='word_1_272' title='bbox 1209 3368 1292 3434; x_wconf 89' lang='lat' dir='ltr'>nulli</span> <span class='ocrx_word' id='word_1_273' title='bbox 1317 3379 1444 3453; x_wconf 82' lang='lat' dir='ltr'>pateat</span> <span class='ocrx_word' id='word_1_274' title='bbox 1541 3369 1542 3444; x_wconf 63' lang='lat' dir='ltr'>l</span> 
     </span>
    </p>
   </div>
   <div class='ocr_carea' id='block_1_17' title="bbox 231 3469 1542 3555">
    <p class='ocr_par' dir='ltr' id='par_1_17' title="bbox 231 3469 1542 3555">
     <span class='ocr_line' id='line_1_31' title="bbox 231 3469 1542 3555; baseline 0.004 -18"><span class='ocrx_word' id='word_1_275' title='bbox 231 3539 234 3548; x_wconf 79' lang='grc'>,</span> <span class='ocrx_word' id='word_1_276' title='bbox 299 3489 332 3538; x_wconf 72' lang='lat'>³0</span> <span class='ocrx_word' id='word_1_277' title='bbox 345 3469 448 3535; x_wconf 91' lang='lat' dir='ltr'>Cuius</span> <span class='ocrx_word' id='word_1_278' title='bbox 470 3469 516 3534; x_wconf 91' lang='lat' dir='ltr'>rei</span> <span class='ocrx_word' id='word_1_279' title='bbox 539 3471 692 3546; x_wconf 68' lang='lat' dir='ltr'>causasi</span> <span class='ocrx_word' id='word_1_280' title='bbox 713 3480 826 3537; x_wconf 91' lang='lat' dir='ltr'>tecum</span> <span class='ocrx_word' id='word_1_281' title='bbox 847 3471 1025 3555; x_wconf 82' lang='lat' dir='ltr'>superbiis</span> <span class='ocrx_word' id='word_1_282' title='bbox 1047 3471 1248 3550; x_wconf 86' lang='lat' dir='ltr'>actitaucris,</span> <span class='ocrx_word' id='word_1_283' title='bbox 1261 3471 1358 3538; x_wconf 82' lang='lat' dir='ltr'>facile</span> <span class='ocrx_word' id='word_1_284' title='bbox 1380 3473 1445 3540; x_wconf 89' lang='lat' dir='ltr'>tibi</span> <span class='ocrx_word' id='word_1_285' title='bbox 1541 3503 1542 3542; x_wconf 68' lang='lat' dir='ltr'>t</span> 
     </span>
    </p>
   </div>
   <div class='ocr_carea' id='block_1_18' title="bbox 342 3573 1542 3764">
    <p class='ocr_par' dir='ltr' id='par_1_18' title="bbox 342 3573 1542 3770">
     <span class='ocr_line' id='line_1_32' title="bbox 342 3573 1542 3682; baseline 0.003 -45"><span class='ocrx_word' id='word_1_286' title='bbox 342 3573 433 3638; x_wconf 86' lang='lat' dir='ltr'>valet</span> <span class='ocrx_word' id='word_1_287' title='bbox 447 3593 627 3638; x_wconf 90' lang='lat' dir='ltr'>occurrere.</span> <span class='ocrx_word' id='word_1_288' title='bbox 1541 3633 1542 3682; x_wconf 18' lang='grc' dir='ltr'>ἦ</span> 
     </span>
     <span class='ocr_line' id='line_1_33' title="bbox 386 3675 1444 3764; baseline 0.003 -23"><span class='ocrx_word' id='word_1_289' title='bbox 386 3675 584 3759; x_wconf 60' lang='lat' dir='ltr'>Discipulos.</span> <span class='ocrx_word' id='word_1_290' title='bbox 629 3675 726 3753; x_wconf 91' lang='lat' dir='ltr'>Cum,</span> <span class='ocrx_word' id='word_1_291' title='bbox 750 3677 835 3744; x_wconf 87' lang='lat' dir='ltr'>sicut</span> <span class='ocrx_word' id='word_1_292' title='bbox 860 3698 1113 3761; x_wconf 81' lang='lat' dir='ltr'>commemoras,</span> <span class='ocrx_word' id='word_1_293' title='bbox 1139 3689 1259 3764; x_wconf 87' lang='lat' dir='ltr'>patens</span> <span class='ocrx_word' id='word_1_294' title='bbox 1287 3680 1333 3747; x_wconf 90' lang='lat' dir='ltr'>sit</span> <span class='ocrx_word' id='word_1_295' title='bbox 1360 3680 1444 3745; x_wconf 91' lang='lat' dir='ltr'>illud</span> 
     </span>
    </p>
   </div>
   <div class='ocr_carea' id='block_1_19' title="bbox 308 3781 1445 3871">
    <p class='ocr_par' dir='ltr' id='par_1_19' title="bbox 308 3781 1542 3871">
     <span class='ocr_line' id='line_1_34' title="bbox 308 3781 1445 3871; baseline 0.004 -28"><span class='ocrx_word' id='word_1_296' title='bbox 308 3781 511 3866; x_wconf 88' lang='lat' dir='ltr'>cscriptum,</span> <span class='ocrx_word' id='word_1_297' title='bbox 526 3789 560 3847; x_wconf 86' lang='lat' dir='ltr'>et</span> <span class='ocrx_word' id='word_1_298' title='bbox 575 3781 623 3846; x_wconf 86' lang='lat' dir='ltr'>sic</span> <span class='ocrx_word' id='word_1_299' title='bbox 636 3781 822 3848; x_wconf 89' lang='lat' dir='ltr'>vicecomiti</span> <span class='ocrx_word' id='word_1_300' title='bbox 842 3783 1034 3867; x_wconf 88' lang='lat' dir='ltr'>destinetur,</span> <span class='ocrx_word' id='word_1_301' title='bbox 1048 3794 1083 3850; x_wconf 89' lang='lat' dir='ltr'>et</span> <span class='ocrx_word' id='word_1_302' title='bbox 1096 3804 1158 3868; x_wconf 89' lang='lat' dir='ltr'>per</span> <span class='ocrx_word' id='word_1_303' title='bbox 1171 3785 1273 3871; x_wconf 82' lang='lat' dir='ltr'>longa</span> <span class='ocrx_word' id='word_1_304' title='bbox 1291 3795 1445 3869; x_wconf 86' lang='lat' dir='ltr'>tempora</span> 
     </span>
    </p>
   </div>
   <div class='ocr_carea' id='block_1_20' title="bbox 382 3950 1542 4025">
    <p class='ocr_par' dir='ltr' id='par_1_20' title="bbox 382 3950 1542 4025">
     <span class='ocr_line' id='line_1_35' title="bbox 382 3950 1542 4025; baseline -0.002 -18"><span class='ocrx_word' id='word_1_305' title='bbox 382 3950 552 4007; x_wconf 79' lang='lat' dir='ltr'>tfimisN</span> <span class='ocrx_word' id='word_1_306' title='bbox 625 3950 859 4018; x_wconf 69' lang='lat' dir='ltr'>tsatislncietN</span> <span class='ocrx_word' id='word_1_307' title='bbox 940 3953 1196 4024; x_wconf 70' lang='lat' dir='ltr'>§residentiumC</span> <span class='ocrx_word' id='word_1_308' title='bbox 1275 3953 1445 4025; x_wconf 68' lang='lat' dir='ltr'>odoenus·</span> <span class='ocrx_word' id='word_1_309' title='bbox 1541 3963 1542 3988; x_wconf 72' lang='lat'><em>³</em></span> 
     </span>
    </p>
   </div>
   <div class='ocr_carea' id='block_1_21' title="bbox 343 4021 1542 4167">
    <p class='ocr_par' dir='ltr' id='par_1_21' title="bbox 343 4021 1542 4167">
     <span class='ocr_line' id='line_1_36' title="bbox 343 4021 1542 4096; baseline -0.001 -16"><span class='ocrx_word' id='word_1_310' title='bbox 343 4024 444 4079; x_wconf 87' lang='lat' dir='ltr'>runtR</span> <span class='ocrx_word' id='word_1_311' title='bbox 516 4036 550 4078; x_wconf 84' lang='grc' dir='ltr'>ιο</span> <span class='ocrx_word' id='word_1_312' title='bbox 560 4021 1129 4095; x_wconf 65' lang='lat' dir='ltr'>portdiaspostm&#39;usaddtenendumc</span> <span class='ocrx_word' id='word_1_313' title='bbox 1199 4039 1232 4082; x_wconf 84' lang='lat'>12</span> <span class='ocrx_word' id='word_1_314' title='bbox 1250 4023 1446 4096; x_wconf 80' lang='lat' dir='ltr'>dissimilislot</span> <span class='ocrx_word' id='word_1_315' title='bbox 1541 4073 1542 4092; x_wconf 70' lang='lat'>,</span> 
     </span>
     <span class='ocr_line' id='line_1_37' title="bbox 344 4092 1542 4167; baseline 0.001 -18"><span class='ocrx_word' id='word_1_316' title='bbox 344 4092 491 4150; x_wconf 84' lang='lat' dir='ltr'>similisN</span> <span class='ocrx_word' id='word_1_317' title='bbox 574 4094 607 4150; x_wconf 85' lang='lat'>18</span> <span class='ocrx_word' id='word_1_318' title='bbox 624 4092 745 4149; x_wconf 86' lang='lat' dir='ltr'>addetur</span> <span class='ocrx_word' id='word_1_319' title='bbox 756 4093 815 4149; x_wconf 86' lang='lat' dir='ltr'>NR</span> <span class='ocrx_word' id='word_1_320' title='bbox 898 4109 932 4164; x_wconf 84' lang='lat'>19</span> <span class='ocrx_word' id='word_1_321' title='bbox 949 4094 1006 4167; x_wconf 82' lang='lat' dir='ltr'>vel]</span> <span class='ocrx_word' id='word_1_322' title='bbox 1021 4095 1049 4152; x_wconf 88' lang='lat' dir='ltr'>li.</span> <span class='ocrx_word' id='word_1_323' title='bbox 1062 4095 1099 4150; x_wconf 91' lang='grc' dir='ltr'><em>Ν</em></span> <span class='ocrx_word' id='word_1_324' title='bbox 1176 4097 1449 4152; x_wconf 64' lang='lat' dir='ltr'>tumtibmomN</span> <span class='ocrx_word' id='word_1_325' title='bbox 1541 4095 1542 4128; x_wconf 64' lang='lat'><strong>³</strong></span> 
     </span>
    </p>
   </div>
   <div class='ocr_carea' id='block_1_22' title="bbox 344 4165 1542 4325">
    <p class='ocr_par' dir='ltr' id='par_1_22' title="bbox 344 4165 1542 4325">
     <span class='ocr_line' id='line_1_38' title="bbox 345 4165 1542 4234; baseline 0.004 -14"><span class='ocrx_word' id='word_1_326' title='bbox 345 4179 376 4220; x_wconf 81' lang='lat'>21</span> <span class='ocrx_word' id='word_1_327' title='bbox 391 4166 524 4222; x_wconf 63' lang='grc' dir='ltr'>ΗΜ</span> <span class='ocrx_word' id='word_1_328' title='bbox 569 4165 741 4220; x_wconf 78' lang='lat' dir='ltr'>soluaturN</span> <span class='ocrx_word' id='word_1_329' title='bbox 808 4167 1035 4223; x_wconf 71' lang='lat' dir='ltr'>armenicam</span> <span class='ocrx_word' id='word_1_330' title='bbox 1047 4166 1222 4223; x_wconf 69' lang='lat' dir='ltr'>addxinc</span> <span class='ocrx_word' id='word_1_331' title='bbox 1266 4165 1445 4234; x_wconf 81' lang='lat' dir='ltr'>iamdudum]</span> <span class='ocrx_word' id='word_1_332' title='bbox 1541 4189 1542 4198; x_wconf 48' lang='lat'>³</span> 
     </span>
     <span class='ocr_line' id='line_1_39' title="bbox 344 4235 1542 4325; baseline 0.012 -36"><span class='ocrx_word' id='word_1_333' title='bbox 344 4235 594 4292; x_wconf 79' lang='lat' dir='ltr'>iamducturusN</span> <span class='ocrx_word' id='word_1_334' title='bbox 658 4235 919 4305; x_wconf 77' lang='lat' dir='ltr'>23ur01utionec</span> <span class='ocrx_word' id='word_1_335' title='bbox 975 4249 1022 4325; x_wconf 65' lang='grc' dir='ltr'>Ι24</span> <span class='ocrx_word' id='word_1_336' title='bbox 1040 4235 1376 4310; x_wconf 79' lang='lat' dir='ltr'>bocomnin1beciamR</span> <span class='ocrx_word' id='word_1_337' title='bbox 1417 4237 1446 4291; x_wconf 78' lang='lat' dir='ltr'>in</span> <span class='ocrx_word' id='word_1_338' title='bbox 1541 4237 1542 4304; x_wconf 70' lang='grc' dir='ltr'>ᾖ</span> 
     </span>
    </p>
   </div>
   <div class='ocr_carea' id='block_1_23' title="bbox 344 4305 760 4374">
    <p class='ocr_par' dir='ltr' id='par_1_23' title="bbox 344 4305 760 4374">
     <span class='ocr_line' id='line_1_40' title="bbox 344 4305 760 4374; baseline -0.005 -8"><span class='ocrx_word' id='word_1_339' title='bbox 344 4321 397 4366; x_wconf 76' lang='lat' dir='ltr'>m·</span> <span class='ocrx_word' id='word_1_340' title='bbox 409 4306 438 4361; x_wconf 91' lang='lat' dir='ltr'><em>R</em></span> <span class='ocrx_word' id='word_1_341' title='bbox 507 4319 541 4374; x_wconf 81' lang='lat'>27</span> <span class='ocrx_word' id='word_1_342' title='bbox 560 4305 720 4364; x_wconf 78' lang='lat' dir='ltr'>cancellarii</span> <span class='ocrx_word' id='word_1_343' title='bbox 732 4308 760 4364; x_wconf 90' lang='lat' dir='ltr'><em>R</em></span> 
     </span>
    </p>
   </div>
   <div class='ocr_carea' id='block_1_24' title="bbox 0 0 1560 4832">
    <p class='ocr_par' dir='ltr' id='par_1_24' title="bbox 0 0 1560 4832">
     <span class='ocr_line' id='line_1_41' title="bbox 0 0 1560 4832; baseline 0 0"><span class='ocrx_word' id='word_1_344' title='bbox 0 0 1560 4832; x_wconf 95' lang='lat' dir='ltr'> </span> 
     </span>
    </p>
   </div>
  </div>
 </body>
</html>
