3096 4832
117 306 149 356 11
168 289 240 382 ivs]
478 293 544 358 DE
568 291 843 362 SCACCARIO
1149 305 1211 379 125

116 463 200 530 Sunt
214 474 244 530 et
260 464 326 530 alie
341 462 454 548 plures
466 463 699 530 excusationes
713 465 861 530 absentie
871 463 1082 546 vicecomitis,
1098 485 1210 533 neces-

115 569 197 633 sarie
215 569 349 650 quidem
373 575 408 632 et
430 569 559 653 legibus
581 569 809 650 determinate,
826 589 908 652 quas
926 589 993 634 nou
1015 569 1210 638 abdicamus

113 671 166 736 vel
193 673 412 749 excludimus,
441 672 546 737 immo
579 693 655 736 cum
689 673 886 742 sufficientes
920 674 991 738 vise
1027 673 1157 754 fuerint,
1188 696 1210 741 a

113 775 286 840 maioribus
314 775 458 840 libenter
479 776 695 859 suscepimus.
740 775 807 842 Sed
830 777 891 841 has
921 796 987 860 que
1010 780 1113 843 menti
1136 799 1210 844 mee

111 899 151 943 se
162 880 202 943 ad
218 899 351 961 presens
368 877 561 964 optulerunt
576 881 669 963 quasi
684 880 931 964 frequentiores,
942 882 1089 964 exempli
1101 902 1209 964 causa,
1223 914 1237 967 5

111 980 317 1047 subiecimus.

152 1085 345 1164 Disczfflus.
390 1085 519 1151 Videor
535 1105 580 1151 ex
599 1087 756 1170 predictis
775 1086 981 1172 perpendere
997 1090 1087 1171 quod
1105 1089 1209 1170 miles,

109 1187 162 1251 vel
176 1187 315 1272 quilibet
329 1188 413 1253 alius
424 1189 596 1270 discretus,
608 1191 712 1273 possit
726 1212 747 1256 a
762 1211 840 1276 rege
854 1192 1047 1269 vicecomes,
1059 1192 1111 1256 vel
1126 1192 1211 1258 alius

110 1291 249 1356 balliuus
267 1293 382 1372 creari,
403 1295 505 1359 etiam
530 1293 558 1358 si
582 1293 628 1357 nil
653 1294 697 1359 ab
726 1296 800 1379 ipso
824 1296 994 1378 possideat
1019 1295 1077 1384 sed
1101 1294 1209 1360 solum
1308 1327 1310 1332 ·

107 1397 152 1460 ab
172 1397 254 1461 aliis.
1224 1428 1257 1467 ιο

150 1500 328 1583 Magister.
374 1499 527 1566 Debetur
551 1499 614 1566 hec
640 1501 852 1586 prerogatiua
877 1501 1048 1586 dignitatis
1077 1501 1210 1587 publice

107 1604 276 1685 potestati,
291 1613 328 1668 vt
346 1605 570 1687 cuiuscunque
586 1605 639 1681 sit,
655 1606 837 1688 cuicunque
855 1607 905 1671 vir
922 1606 1040 1690 aliquis
1057 1606 1090 1670 in
1106 1626 1210 1690 regno

108 1708 229 1774 militet
250 1707 304 1773 vel
327 1708 499 1787 ministret,
514 1709 542 1773 si
564 1710 634 1792 regi
650 1711 854 1775 necessarius
875 1709 965 1774 visus
988 1708 1094 1789 fuerit,
1109 1710 1211 1776 libere

110 1811 216 1893 possit
230 1811 355 1876 assumi
370 1821 404 1876 et
419 1811 516 1896 regiis
531 1812 699 1895 obsequiis
714 1813 874 1896 deputari.

149 1913 349 1998 Descipulus.
394 1915 451 1979 Ex
467 1915 532 1981 hoc
543 1917 644 1981 etiam
656 1935 755 1980 cerno
765 1935 879 1981 verum
892 1936 964 1981 esse
978 1917 1069 2000 quod
1080 1916 1200 1983 dicitur
1223 1937 1253 1993 15

281 2035 360 2100 ‘An
376 2036 483 2102 nescis
497 2034 615 2122 longas
631 2037 763 2122 regibus
777 2056 849 2102 esse
865 2034 1022 2102 manus?’

150 2155 218 2222 Sed
242 2155 309 2221 iam
333 2175 429 2232 nunc,
446 2157 473 2220 si
493 2157 615 2240 placet,
630 2159 674 2222 ad
696 2158 827 2239 agenda
847 2155 1051 2223 vicecomitis
1071 2177 1245 2227 manuml:

109 2261 241 2327 mittere
262 2280 330 2326 non
353 2260 494 2326 differas.
539 2259 598 2324 Ad
629 2261 704 2350 hec·
719 2261 817 2341 enim,
847 2269 881 2326 te
910 2271 1076 2343 monente,
1098 2272 1207 2329 totam

110 2365 307 2429 attentionis
319 2363 515 2430 industriam
530 2363 597 2428 iam
609 2362 727 2446 collegi
739 2362 845 2427 sciens
856 2384 900 2428 ex
914 2363 977 2428 hiis
991 2365 1211 2431 excellentem

106 2467 262 2532 soeccarii
279 2467 461 2545 scientiam,
475 2467 562 2532 sicut
577 2467 765 2552 predictum
781 2476 841 2548 est,
856 2466 976 2532 debere
991 2469 1122 2552 requiri.
1224 2495 1257 2533 ro

149 2569 328 2653 Magister.
372 2569 530 2636 Gratulor
558 2580 593 2636 te
625 2590 804 2636 memorem
834 2571 1091 2656 premissorum
1123 2572 1212 2639 vnde

106 2672 214 2738 fateor
229 2674 400 2758 languenti
414 2694 500 2758 pene
514 2672 642 2739 calamo
653 2683 688 2740 te
703 2674 854 2740 stimulos
865 2675 1033 2740 addidisse
1047 2700 1055 2754 ;
1079 2677 1211 2742 noueris

105 2785 220 2842 autem
236 2778 329 2860 quod
344 2779 538 2856 vicecomes,
554 2777 617 2842 nisi
633 2777 721 2842 facto
741 2769 834 2862 prius
849 2778 1013 2857 examine,
1024 2778 1211 2862 debitisque

103 2883 150 2945 de
171 2883 293 2964 quibus
316 2883 539 2948 summonitus
565 2889 617 2946 est
640 2881 765 2961 solutis,
791 2882 935 2948 residere
956 2902 1022 2947 non
1043 2882 1146 2948 debet
1167 2883 1211 2948 ad

103 2994 312 3070 compotum.
358 2985 445 3051 Cum
471 2993 585 3051 autem
611 2985 787 3051 accesserit
816 2994 850 3051 et
875 2986 942 3052 iam
968 2986 1129 3066 residerit,
1154 2986 1210 3052 alii
1224 3010 1255 3063 ²5

103 3088 319 3154 vicecomites
348 3089 580 3168 excludantur,
610 3099 644 3154 et
674 3089 817 3156 resideat
845 3090 936 3154 solus
965 3110 1042 3155 cum
1073 3090 1140 3155 suis
1166 3092 1210 3157 ad

102 3195 313 3277 interrogata
334 3213 558 3277 responsurus.
602 3195 781 3260 Prouideat
799 3204 912 3260 autem
934 3201 972 3258 vt
990 3195 1065 3279 ipsa
1081 3196 1135 3260 die
1156 3197 1209 3260 vel

101 3297 309 3381 precedente
323 3297 530 3363 debitoribus
547 3297 599 3362 sui
614 3298 792 3364 comitatus
810 3297 1000 3378 innotuerit,
1015 3318 1082 3381 qua
1098 3300 1151 3366 die
1166 3301 1211 3366 sit

103 3401 148 3464 ad
175 3409 374 3484 compotum
395 3419 554 3482 sessurus,
576 3401 629 3466 vel
653 3401 754 3466 etiam
777 3402 864 3467 circa
885 3403 1024 3467 domum
1046 3402 1210 3482 scaccarii,

105 3504 161 3568 vel
175 3505 287 3570 vicum
302 3503 356 3568 vel
374 3503 495 3584 villam,
512 3525 595 3572 voce
615 3505 770 3588 preconia
789 3503 871 3588 ipsis
890 3505 1066 3571 denuntiet
1080 3527 1117 3571 se
1131 3515 1210 3571 tunc
1223 3531 1258 3584 30

101 3607 155 3672 vel
183 3616 265 3673 tunc
291 3627 467 3674 sessurum.
512 3607 617 3688 Tunc,
634 3608 827 3674 sedentibus
851 3617 885 3673 et
906 3609 1117 3675 audientibus
1137 3629 1210 3674 om·

102 3713 212 3792 nibus,
226 3711 461 3791 thesaurarius,
481 3712 548 3796 qui,
563 3711 646 3778 sicut
667 3712 795 3778 dictum
811 3721 871 3790 est,
887 3713 1015 3777 ratione
1029 3713 1127 3778 officii
1148 3713 1212 3778 sibi

101 3817 238 3882 videtur
258 3814 438 3891 aduersari,
453 3825 571 3899 querat
590 3816 618 3879 si
635 3825 772 3901 paratus
789 3823 841 3879 est
860 3816 998 3882 reddere
1015 3827 1211 3903 compotum

102 3940 202 3985 suum
217 3940 226 4000 ;
249 3939 318 4002 quo
334 3920 563 4002 respondente,
580 3919 715 3985 ‘Presto
730 3917 824 3995 sum,’
839 3917 959 3984 inferat
978 3919 1210 3999 thesaurarius,

103 4023 193 4088 ‘Dic
209 4023 320 4107 igitur,
335 4022 370 4087 in
384 4023 510 4107 primis,
524 4021 552 4088 si
567 4021 756 4103 elemosine,
768 4019 795 4086 si
810 4021 985 4101 decime,si
1000 4020 1210 4088 liberationes
1224 4045 1257 4098 35

142 4183 343 4256 sadpresens
356 4182 549 4254 seoptulerint
639 4183 665 4240 C
743 4179 837 4256 quasi]
850 4182 902 4239 etsi
916 4183 951 4237 N
1037 4193 1070 4249 17
1087 4179 1198 4249 agendo

99 4253 295 4337 agendamN
361 4264 395 4323 ²5
414 4199 626 4310 recederitd'lua
661 4251 793 4326 32sicut]
806 4253 830 4308 si
843 4253 958 4334 cumN
1006 4265 1040 4322 33
1052 4251 1197 4306 aduersari

102 4325 301 4384 aduersaruR
372 4337 407 4396 34
420 4340 502 4381 suum
514 4340 568 4382 om.
580 4325 640 4381 NR
710 4321 914 4394 thesaurarius]
926 4321 1137 4380 thesaurumN
