3096 4832
101 259 134 313 11
148 245 208 312 xiii
224 243 264 332 c]
476 244 543 312 DE
566 241 841 312 SCACCARIO
896 233 899 240 '
1146 262 1209 332 145

101 417 276 496 insistunt,
291 416 550 482 innumeratam
571 417 747 500 pecuniam
763 415 933 482 sollicitior
955 437 1033 482 cura
1049 415 1210 483 consistit.

103 523 168 588 Per
181 523 246 587 hec
262 521 353 586 enim
374 521 575 586 commercia
588 519 716 587 facilius
735 529 932 587 exercentur
947 529 983 585 et
997 531 1135 604 possunt
1149 520 1211 585 hec

102 627 137 690 in
149 625 232 690 locis
241 625 324 690 tutis
335 633 370 688 et
380 623 503 706 ignotis
514 622 609 688 facile
618 624 735 707 reponi
747 644 755 703 ;
770 623 859 688 vnde
870 621 953 688 fitvt
962 635 1041 706 sepe
1052 625 1109 708 qui
1117 623 1212 690 diues

102 740 237 811 est,non
249 728 444 812 patentibus
454 727 518 792 hiis
529 748 596 811 que
608 727 722 807 latent,
733 747 859 814 pauper
868 735 1047 813 reputetur.
1072 728 1213 812 Propter

103 836 169 901 boc
187 834 290 920 igitur
304 833 338 897 in
353 831 415 897 hos
432 831 567 916 grauius
580 831 637 897 lex
653 832 717 898 ista
732 831 878 898 decernit
893 832 972 916 quia
986 831 1212 915 superhabun·
1227 859 1241 909 5

104 938 190 1003 dans
205 935 422 1020 pecuniarum
437 944 558 1019 puteus
572 955 639 1001 non
654 936 697 1001 de
710 935 800 1001 facili
810 935 942 1026 uidetur
956 935 1149 1002 exhaustus.

146 1039 346 1124 Disciprdus.
406 1037 498 1122 Quid
530 1037 634 1106 assisa
665 1039 851 1104 communis
883 1048 918 1105 et
950 1039 1036 1123 quis,
1064 1038 1118 1104 vel
1145 1046 1215 1121 'quo

105 1143 233 1218 ordine,
250 1137 301 1208 'de
323 1141 396 1227 ipsa
419 1142 617 1226 respondeat
640 1163 685 1208 ex
706 1143 866 1226 predictis
888 1162 1010 1225 magna
1035 1162 1096 1226 pro
1121 1151 1215 1226 parte

106 1247 173 1312 iam
200 1253 352 1322 constat3
384 1264 483 1327 nunc,
508 1245 536 1308 si
561 1245 680 1329 placet,
704 1247 748 1312 de
772 1245 905 1311 auxiliis
930 1245 984 1310 vel
1013 1246 1110 1312 donis
1135 1245 1214 1310 ciui-

106 1359 216 1416 tatum
238 1367 297 1414 seu
318 1348 508 1432 burgorum,
524 1347 667 1432 qualiter
685 1369 730 1412 ex
750 1349 813 1414 hiis
831 1350 980 1431 compoti
1002 1347 1085 1414 fiant
1105 1357 1138 1413 et
1158 1348 1216 1429 qui
1231 1375 1262 1412 ιο

107 1453 334 1537 principaliter
355 1452 572 1518 conueniendi
588 1449 641 1516 vel
664 1452 863 1518 cohercendi
884 1472 982 1536 super
1003 1451 1065 1517 biis
1088 1450 1217 1530 suerint,

108 1557 252 1623 edissere
265 1576 274 1634 3
295 1557 416 1620 modus
431 1556 521 1620 enim
536 1555 739 1622 cohercionis
754 1577 800 1620 ex
814 1556 968 1639 predictis
983 1556 1049 1620 iam
1065 1565 1169 1640 patet.

150 1661 329 1743 Magum.
376 1657 516 1724 Gaudeo
542 1668 578 1726 te
607 1679 788 1725 memorem
817 1660 1041 1744 predictorum
1068 1667 1102 1724 et
1128 1658 1217 1736 hinc,

110 1765 224 1843 fateor,
241 1782 296 1828 me
317 1762 422 1846 magis
440 1761 603 1828 animasti.
647 1763 791 1858 Noueris
806 1762 919 1846 itaque
932 1761 1023 1845 quod
1038 1760 1216 1846 plurimum

110 1867 248 1933 interest
268 1866 296 1932 si
318 1868 452 1941 donum,
465 1866 520 1932 vel
539 1865 711 1945 auxilium,
728 1865 874 1932 ciuitatis
890 1887 950 1950 per
965 1865 1096 1949 singula
1109 1867 1218 1950 capita
1232 1892 1261 1942 ¹5

113 1969 390 2036 commorantium
416 1969 450 2042 in
476 1990 517 2034 ea
542 1991 563 2036 a
587 1969 720 2036 iustitiis
746 1969 971 2044 constituatur,
994 1971 1047 2036 vel
1072 1969 1111 2034 si-
1126 1971 1252 2035 ciuesc

113 2091 278 2138 summam
299 2071 456 2157 aliquam,
479 2092 545 2158 que
567 2073 713 2159 principe
735 2073 837 2157 digna
856 2073 1018 2153 videatur,
1035 2073 1217 2140 iustitiariis

114 2177 254 2244 offerant
269 2187 304 2242 et
319 2177 362 2242 ab
380 2177 428 2242 eis
446 2177 654 2260 suscipiatur.
699 2176 824 2260 Dispar
840 2177 929 2242 enirn
949 2177 983 2242 in
1003 2177 1066 2242 hiis
1086 2178 1218 2243 duobus

116 2283 232 2346 modus
258 2288 310 2345 est
335 2278 547 2347 cohercionis.
592 2279 631 2346 Si
653 2282 739 2346 enirn
761 2301 822 2366 per
842 2278 990 2364 singulos
1012 2301 1034 2345 a
1055 2279 1218 2346 iudicibus

116 2385 332 2450 constitutum
361 2392 413 2450 est
442 2384 569 2450 donum
595 2394 630 2450 et
654 2385 795 2469 quilibet
820 2404 935 2448 eorum
961 2383 1122 2450 soluendo
1150 2404 1217 2452 non
1233 2408 1264 2444 ιο

116 2486 221 2567 luerit,
239 2487 296 2553 lex
318 2487 469 2570 predicta
488 2488 532 2553 dc
551 2487 677 2553 ciurbus
696 2509 763 2554 non
782 2487 986 2553 soluentibus
1006 2497 1166 2566 seruatur,
1180 2496 1218 2553 vt

118 2591 237 2658 scilicet
248 2591 405 2657 domibus
420 2600 455 2657 et
470 2591 654 2658 redditibus
665 2612 769 2675 vsque
783 2592 826 2658 ad
842 2590 1044 2658 solutionem
1060 2592 1216 2676 priuetur.
1306 2673 1308 2682 Ι

119 2695 168 2759 At
188 2695 215 2758 si
239 2696 369 2761 dictum
392 2705 444 2762 est
470 2717 491 2761 a
516 2697 643 2762 ciuibus
664 2696 849 2762 ‘Dabimus
871 2697 942 2780 regi
966 2695 1075 2762 mille'
1097 2707 1131 2762 et
1155 2697 1217 2764 hec

118 2818 246 2862 summa
266 2799 367 2882 digna
388 2797 511 2883 suscipi
534 2799 706 2878 iudicetur,
724 2809 761 2864 vt
775 2799 908 2864 statutis
929 2799 1080 2865 terminis
1100 2801 1218 2865 eadem

120 2913 267 2988 exurgat,
281 2902 345 2987 ipsi
363 2902 572 2986 prouideant.
617 2901 718 2987 Quod
738 2902 767 2967 si
781 2902 866 2969 sorte
886 2919 1046 2968 excusare
1063 2905 1217 2987 ceperint,
1233 2924 1263 2973 ²5

119 3003 296 3088 allegantes
309 3007 520 3091 quorundam
536 3006 692 3090 inopiam,
707 3007 764 3091 qui
787 3006 821 3072 in
842 3005 952 3090 aliqua
975 3017 1069 3090 parte
1088 3025 1218 3074 summe
1322 3071 1324 3080 ,

121 3107 212 3172 huius
233 3112 442 3188 tenebantur,
463 3118 543 3175 tunc
565 3103 746 3194 diligenter,
768 3109 832 3175 hoc
854 3120 905 3175 est
927 3131 987 3195 per
1009 3109 1109 3176 fidem
1131 3113 1218 3178 vice·

122 3213 254 3295 comitis,
265 3213 498 3298 inquirendum
514 3213 611 3294 est,si
625 3233 646 3278 a
660 3223 811 3309 tempore
825 3213 997 3278 constituti
1011 3233 1070 3297 per
1083 3217 1218 3282 eosdem

44 3359 46 3368 1
123 3315 207 3382 ciues
229 3317 311 3383 doni
336 3316 389 3382 vel
413 3315 530 3382 auxilii
555 3315 602 3381 hii
626 3316 712 3383 tales
737 3298 905 3381 elrtiterint
927 3326 965 3382 vt
994 3316 1124 3383 soluere
1153 3339 1220 3386 non

45 3419 47 3444 ¹
123 3418 270 3486 valerent.
316 3419 419 3504 Quod
447 3419 476 3484 si
506 3419 678 3484 inuentum
709 3418 816 3500 suerit,
838 3421 1037 3504 prouideant
1065 3421 1149 3487 alios
1174 3443 1219 3488 ex
1232 3440 1266 3490 so

124 3523 234 3604 quibus
248 3543 380 3589 summa
395 3522 482 3607 prior
496 3531 648 3606 exurgat,
661 3519 723 3587 vel·
734 3541 792 3606 per
807 3543 984 3588 commune
1004 3525 1220 3591 distribuatur

125 3627 206 3706 quod
225 3636 348 3704 restat;
373 3626 542 3703 venumsi
565 3635 714 3710 tempore
735 3627 981 3694 constitutionis
1002 3631 1219 3698 abundabant

127 3737 172 3792 set
190 3728 260 3816 lege
282 3730 412 3796 fortune
434 3738 552 3795 natura
575 3727 706 3802 mobilis
729 3749 816 3794 nunc
837 3740 968 3815 egeant,
986 3733 1218 3800 sustinendum

128 3840 173 3894 est
185 3833 225 3898 de
238 3833 301 3899 biis
315 3853 488 3918 quousque
502 3853 561 3917 per
575 3833 630 3897 dei
644 3833 785 3918 gratiam
800 3832 956 3914 ditentur,

162 3968 359 4027 1solliciorN
406 3969 738 4042 BpropartemagnaC
782 3983 808 4039 9,
824 3981 857 4024 ιο
875 3967 911 4025 de
923 3969 1005 4027 donis
1017 3969 1218 4027 ciuitatumuel

128 4035 161 4091 de
171 4040 474 4112 auxiliisburgorumet
486 4039 645 4112 qualith
749 4040 782 4096 18
800 4039 973 4111 suscipiatlt
1078 4055 1110 4096 21
1129 4039 1219 4098 tuitc
1304 4061 1308 4072 ·

129 4107 296 4168 soluendisC
376 4126 410 4181 23
428 4120 471 4168 est
484 4113 578 4167 om.R
677 4124 712 4179 24
731 4110 868 4167 iudicetur
880 4111 1024 4182 suscipiC
1114 4123 1148 4180 25
1165 4127 1216 4167 ex·

129 4181 255 4248 purgate
323 4183 358 4238 26
375 4183 570 4240 conmdamR
642 4195 678 4252 30
694 4181 879 4254 prouideatR
947 4197 979 4253 31
994 4182 1222 4239 communemN

132 4253 501 4323 33set...egennt'om.N

177 4371 283 4406 oum
648 4355 673 4406 U
