3086 4822
126 299 191 364 ror
207 294 251 388 n]
504 297 572 366 os
595 297 870 370 scnccnruo
1196 305 1238 392 ⁶3

123 470 410 536 numerandorum
439 471 473 536 id
495 472 539 536 de
560 492 627 556 quo
649 472 824 538 dubitatur
845 473 1010 558 proicitur.
1069 471 1132 564 [Et
1154 484 1236 542 nota

124 575 293 656 quosdam
317 574 498 640 comitatus
520 597 542 640 a
566 584 719 660 tempore
743 577 829 660 regis
856 577 993 643 Henrici
1019 579 1118 662 primi
1141 589 1175 644 et
1202 580 1237 644 in

124 689 280 763 tempore
302 679 390 764 regis
413 678 551 770 Hearici
571 679 706 744 secundi
729 679 818 746 licite
841 679 989 764 potuisse
1010 682 1238 767 cuiuscunque

123 793 264 847 monete
283 782 439 848 denarios
458 782 617 849 solutioni
630 781 749 849 offerre
762 784 947 850 dummodo
962 787 1111 870 argentei
1125 797 1237 854 essent

122 895 162 952 et
186 885 326 970 ponderi
351 884 505 972 legitimo
530 905 598 951 non
627 887 822 965 obstarent3
851 889 933 971 quia
961 889 1088 955 scilicet
1118 909 1265 971 mone-5

121 989 230 1055 tarius
254 1009 300 1054 ex
325 989 465 1074 antiqua
494 989 704 1057 institutione
732 1011 798 1056 non
828 990 990 1074 babentes
1017 993 1236 1078 undecunque

121 1093 190 1159 sibi
212 1093 364 1158 <imatos
384 1092 630 1179 perquirebant,
650 1093 771 1179 quales.
786 1105 865 1161 sunt
886 1095 1181 1163 Norbumberland
1201 1107 1237 1166 et

122 1196 366 1265 cumberland.
414 1195 471 1264 sie
496 1207 610 1264 autem
635 1199 780 1284 suscepti
804 1199 941 1277 denarii,
972 1198 1051 1266 licet
1073 1201 1115 1267 de
1141 1200 1237 1268 firma

122 1310 250 1376 essent,
263 1319 413 1366 seorsum
429 1311 541 1368 tamen
560 1303 603 1366 ab
621 1301 694 1368 aliis
709 1321 784 1368 cum
799 1303 999 1387 quibusdam
1015 1303 1116 1388 signis
1130 1325 1235 1391 appo·

122 1404 201 1470 sitis
219 1404 446 1471 mittebantur.
492 1404 625 1488 Reliqui
642 1427 720 1471 vero
742 1407 920 1472 comitatus
943 1407 1031 1472 solos
1049 1405 1179 1473 usuales
1199 1419 1280 1475 etro

122 1509 282 1575 instantis
298 1519 435 1575 monete
451 1506 631 1594 legittimos
645 1510 798 1576 denarios
812 1517 882 1576 mm
897 1510 941 1576 de
955 1509 1058 1575 firmis
1072 1530 1175 1594 quam
1190 1511 1267 1576 dec

121 1613 259 1698 placitis
281 1611 476 1679 afferebant.
519 1613 578 1692 At,
599 1625 777 1698 postquam
801 1635 861 1680 rex
882 1614 1018 1680 illustris
1044 1615 1138 1680 cuius
1159 1614 1232 1680 laus

122 1727 177 1783 est
206 1717 241 1782 in
268 1717 366 1782 rebus
392 1717 521 1802 magnis
547 1716 763 1785 excellentior
788 1719 851 1784 sub
877 1719 1067 1785 monarchia
1090 1739 1150 1784 sua
1175 1741 1234 1804 per

122 1822 317 1887 minersum
338 1841 478 1906 regnum
496 1841 598 1886 vnum
620 1823 753 1906 pondus
775 1831 810 1889 et
827 1843 926 1888 vnaur
949 1833 1119 1889 monetam
1141 1823 1235 1890 insti·

122 1925 203 2002 tuit‚
216 1925 325 1991 omnis
342 1925 521 1990 comitatus
541 1945 609 1991 vna
630 1925 712 2009 legis
734 1927 931 1992 necessitate
952 1927 1058 1992 teneri
1080 1937 1115 1992 et
1135 1947 1279 2010 gene-15

124 2030 207 2094 ralis
234 2028 423 2095 commercii
452 2028 611 2095 solutioni
640 2031 730 2113 cepit
754 2023 909 2114 obligari.
965 2029 1093 2096 Omnes
1122 2030 1235 2115 itaque

124 2135 220 2200 idem
231 2142 477 2218 monetegenus
486 2135 789 2224 quomodocunque
797 2143 973 2200 teneantur
981 2135 1125 2201 snluuut.
1162 2135 1234 2202 Sed

123 2248 242 2304 tamen
268 2235 454 2302 exactionis
483 2257 549 2320 que
571 2238 614 2302 de
638 2237 871 2304 combustione
893 2239 1047 2322 prouenit
1073 2239 1234 2306 iacturam

125 2361 247 2408 ornnes
262 2361 328 2406 non
338 2337 528 2430 sustinent]
565 2342 651 2408 Item
666 2342 712 2408 hii
726 2342 831 2408 taleas
842 2341 966 2407 iaciunt
977 2344 1020 2408 de
1036 2345 1186 2426 receptis,
1200 2353 1235 2408 et

126 2465 307 2510 commune
321 2453 373 2510 est
386 2446 436 2510 eis
455 2465 531 2510 cum
547 2445 665 2514 clerico
679 2445 874 2513 thesaurarii
888 2455 925 2510 vt
941 2466 1001 2530 per
1019 2447 1133 2512 breuia
1148 2446 1234 2532 regis
1248 2468 1279 2506 so

124 2547 181 2614 vel
192 2557 350 2634 precepto
361 2548 533 2626 baronum,
544 2549 736 2616 thesaurum
746 2557 938 2632 susceptum
947 2539 1155 2632 expendant,
1166 2568 1233 2614 non

123 2664 242 2720 tamen
265 2652 457 2719 inconsultis
477 2654 618 2720 dominis
642 2655 718 2720 suis.
766 2654 824 2719 Hii
841 2661 908 2718 tres
929 2652 1025 2717 simul
1044 2673 1159 2719 omnes
1180 2653 1233 2718 vel

124 2757 268 2823 vicissim
277 2777 353 2824 cum
365 2757 522 2824 thesauro
533 2759 710 2824 mittuntur
720 2777 795 2824 cum
806 2751 1000 2844 oportuerit.
1040 2755 1117 2822 Hiis
1128 2756 1234 2822 tribus

124 2861 373 2946 precipuacura
385 2871 434 2927 est
445 2863 479 2926 in
489 2862 717 2928 omnibushiis
728 2881 793 2947 que
809 2862 951 2928 inferiori
968 2861 1129 2928 scaccario
1140 2859 1232 2928 liunt.

63 3047 67 3052 Ι
173 2964 370 3048 Discs'pulus.
416 2965 508 3050 Ergo
522 2976 559 3032 vt
573 2967 671 3032 video
690 2966 768 3032 licet
787 2965 848 3031 hiis
869 2986 930 3051 per
951 2966 1052 3032 breue
1074 2965 1160 3048 regis
1179 2965 1232 3030 vel
1247 2983 1277 3036 τε
1367 3009 1371 3018 ·

125 3079 288 3154 precepto
311 3088 425 3134 comm
449 3069 507 3153 qui
529 3069 696 3154 president
719 3068 911 3136 thesaurum
936 3079 1129 3153 susceptum
1154 3089 1233 3136 cou-

126 3172 226 3238 sultls
240 3181 353 3237 tamen
369 3173 511 3238 dominis
526 3173 592 3238 suis
607 3174 805 3257 expendere

174 3275 347 3360 Magister.
393 3277 499 3354 Licet,
514 3277 658 3360 inquam,
672 3277 736 3342 hoc
752 3277 861 3342 modo.
907 3275 962 3342 De
983 3275 1233 3344 liberationibus

125 3379 344 3446 seruientium
373 3375 540 3445 interioris
561 3380 714 3446 scaccarii
744 3389 778 3444 et
807 3381 850 3445 de
880 3381 1013 3446 minutis
1042 3383 1233 3447 necessariis

125 3483 282 3551 scaccarii
307 3483 465 3561 emendis,
489 3483 602 3568 qualia
629 3493 706 3549 suut
728 3505 809 3549 vasa
835 3484 890 3550 illa
914 3484 1021 3569 lignea
1044 3495 1079 3551 et
1104 3485 1167 3550 alia
1189 3484 1279 3554 deso

126 3587 251 3672 quibus
266 3586 349 3652 inira
364 3587 500 3668 dicetur,
515 3607 629 3652 eorum
645 3586 721 3652 fidei
739 3587 964 3654 committitur.
1009 3587 1105 3652 Alias
1119 3598 1232 3654 autem

126 3713 204 3758 nou.
242 3689 311 3775 Qui
322 3709 401 3756 vero
414 3687 516 3756 breue
530 3691 616 3774 regis
627 3691 679 3756 vel
695 3700 820 3756 cartam
836 3690 991 3758 detulerit
1006 3711 1069 3774 pro
1082 3691 1230 3775 pecunia,

126 3794 386 3880 precipientibus
410 3794 555 3861 dominis
577 3794 655 3874 suis,
677 3793 740 3860 hac
762 3796 793 3860 ei
816 3795 890 3878 lege
911 3795 1060 3860 soluatur
1081 3795 1116 3861 id
1138 3795 1230 3880 quod
1243 3807 1270 3858 1>
1334 3851 1338 3860 .

127 3919 287 3984 expresse
301 3897 490 3964 nominatur
504 3899 539 3965 iu
554 3899 646 3965 breui
661 3907 707 3978 vt,
722 3909 903 3982 antequam
918 3908 1027 3977 exeat,
1040 3909 1230 3982 susceptam

165 4029 539 4162 riddequoscry'Cp'mm:
559 4033 761 4120 idemquodC
820 4035 857 4092 de
887 4053 924 4092 uo
933 4035 992 4120 {VR
1055 4032 1236 4108 squodsilt'

126 4105 406 4180 9,quibnsdam]qu1
447 4106 510 4163 sN
612 4119 646 4163 to
662 4107 846 4190 mittebantur
886 4105 1063 4162 :mtttebant
1071 4107 1119 4161 N:
1139 4104 1231 4158 lacu

127 4193 163 4320 li
176 4178 407 4306 mist
420 4177 574 4315 mittit
589 4174 971 4308 &staretstart
994 4172 1237 4316 ..strat

120 4318 565 4394 mmcmnipoustcmarg.
658 4315 1124 4390 33,34id...nominaturom.lt
