3096 4832
359 283 402 362 8'0
725 293 792 362 ns
815 291 1086 362 scnccnnro
1339 287 1368 381 [1
1380 275 1430 357 v's

358 487 471 552 regum
494 465 717 533 munificentia
737 465 880 533 contulit
900 465 1055 546 ecclesiis,
1068 463 1120 532 vel
1137 463 1198 530 hiis
1218 463 1272 548 qui
1292 463 1336 528 eis
1356 461 1431 527 miii·

357 581 478 648 tarunt,
493 571 646 636 infundis
665 571 734 636 suis
750 591 817 654 que
834 590 957 636 corone
974 570 1237 650 annominantur,
1248 567 1430 652 quibusdam

358 673 475 740 blanca
489 673 687 757 quibusdam
703 693 849 740 numero.

399 776 596 860 Dunpurus.
641 777 758 842 Mouet
778 797 832 841 me
852 777 942 860 quod
963 777 1045 844 dicis
1061 777 1223 862 quosdam
1243 773 1356 840 iundos
1371 771 1433 838 dari
1514 861 1515 866 ἵ

329 903 344 956 5
357 879 494 946 blancos
507 880 670 964 quosdam
686 900 831 948 numero.

401 983 575 1068 Magister.
620 983 862 1068 Prosequamur
881 983 924 1048 ad
943 1003 1078 1069 prmns
1097 983 1141 1050 de
1161 980 1323 1068 scriptoris
1339 977 1440 1044 officio

358 1097 392 1154 et
421 1087 455 1152 in
483 1086 621 1171 agendis
649 1087 853 1154 vicecomitis
885 1107 984 1170 super
1011 1087 1076 1152 boc
1106 1087 1135 1152 si
1165 1086 1246 1152 libet
1277 1084 1435 1166 interroga.

359 1190 438 1256 Post
459 1200 564 1256 terras
582 1192 689 1266 datas,
704 1189 793 1257 lacto
808 1191 984 1256 interuallo
1001 1192 1097 1256 vnius
1118 1189 1214 1266 linee,
1230 1198 1265 1254 vt
1279 1187 1437 1252 videantur
1514 1229 1515 1252 ,

319 1309 344 1360 τ
357 1297 458 1362 etiam
481 1295 555 1378 ipsa
577 1294 628 1359 sui
652 1295 780 1360 ratione
805 1294 963 1376 seiuncta,
985 1303 1189 1362 annotantur
1212 1313 1252 1358 ea
1276 1311 1338 1374 que
1362 1289 1437 1354 iussn
1514 1329 1515 1376 ἒ

314 1421 345 1460 10
357 1408 432 1465 sunt
452 1399 495 1465 de
514 1398 609 1464 firma
628 1399 775 1482 expendi
793 1419 853 1484 per
868 1399 982 1466 breuia
998 1399 1093 1482 regis,
1107 1399 1186 1482 quia
1200 1399 1262 1462 hec
1276 1394 1439 1462 constituta

356 1523 424 1568 non
447 1511 525 1568 sunt
548 1512 599 1568 set
620 1501 772 1568 casualia.
817 1502 972 1586 Quedam
994 1503 1095 1568 etiam
1118 1523 1187 1586 que
1207 1501 1276 1567 sine
1295 1497 1438 1565 breuibus
1514 1493 1515 1588 l

356 1616 592 1692 computantur
609 1627 669 1690 per
690 1607 961 1672 consuetudinem
981 1605 1145 1682 scaccarii,
1167 1605 1212 1671 de
1233 1603 1348 1689 quibus
1367 1599 1440 1665 inira
1514 1589 1515 1628 ³

356 1711 503 1787 dicetur;
532 1719 566 1774 et
585 1710 631 1774 sic
650 1711 846 1775 terminatur
864 1719 1040 1795 compotus
1057 1709 1101 1774 de
1115 1729 1257 1792 corpore
1270 1706 1439 1774 comitatus.

358 1815 438 1880 Post
465 1812 527 1879 hec
557 1811 644 1878 laeto
674 1813 847 1878 interuallo
876 1813 971 1896 quasi
1000 1813 1043 1878 vi.
1071 1813 1124 1878 vel
1150 1813 1204 1878 vii.
1231 1812 1383 1877 linearum
1408 1805 1441 1870 iit

313 1945 343 1996 1⁵
357 1925 533 1999 compotus
552 1917 596 1981 de
616 1917 836 2002 purpresturis
851 1926 885 1983 et
899 1917 1037 1984 nscaetis
1058 1915 1122 1981 sub
1143 1915 1198 1981 his
1217 1915 1323 1981 verbis
1338 1918 1349 1950 ‘
1358 1913 1441 1978 Idem

356 2020 540 2087 vicecomes
564 2019 675 2085 reddit
700 2031 894 2104 compotum
919 2019 964 2086 de
988 2019 1084 2085 firma
1110 2029 1391 2104 purpresturarum
1414 2025 1443 2078 et

358 2121 583 2190 escaetarumst
627 2121 689 2190 Set
711 2133 745 2189 et
767 2125 811 2190 de
831 2124 986 2190 omnibus
1004 2123 1107 2190 firmis
1123 2124 1343 2189 maneriorum
1359 2120 1444 2186 etde

357 2246 456 2294 censu
476 2246 650 2292 nemorum
668 2247 734 2311 que
752 2228 923 2294 annuatim
943 2227 1106 2294 debentur
1125 2239 1159 2294 et
1180 2228 1361 2303 soluuntur,
1377 2230 1445 2308 post

357 2331 418 2396 hec
444 2331 644 2434 suo9ordine
669 2331 818 2416 compoti
848 2333 1051 2398 collocantur
1076 2334 1228 2417 exceptis
1257 2329 1444 2415 quibusdam

314 2463 346 2500 πο
357 2433 546 2501 ciuitatibus
561 2444 595 2501 et
609 2433 694 2500 villis
709 2443 743 2500 et
758 2435 878 2502 bailliis
893 2455 1032 2519 quarum
1048 2437 1189 2501 maiores
1208 2434 1357 2519 compoti
1370 2439 1447 2508 sunt,

357 2539 436 2623 quia
448 2539 648 2606 constitutas
663 2539 787 2605 habent
801 2538 998 2604 elemosinas
1011 2539 1064 2604 vel
1079 2539 1292 2606 liberationes
1305 2547 1339 2602 et
1353 2547 1447 2602 terras

358 2644 454 2709 datas
484 2653 519 2709 et
546 2644 591 2707 ad
621 2643 774 2709 custodes
804 2662 917 2707 earum
947 2642 1081 2726 proprie
1109 2641 1382 2708 summonitiones
1411 2640 1449 2704 de

357 2747 480 2813 debitis
499 2747 586 2833 regis
604 2747 797 2830 diriguntur.
843 2747 898 2811 De
912 2745 976 2810 hiis
990 2754 1103 2811 autem
1118 2747 1267 2830 compoti
1283 2745 1367 2810 fiunt
1381 2751 1449 2829 post

357 2862 622 2918 consummatum
641 2853 777 2917 omnino
791 2861 987 2936 compotum
1001 2851 1046 2916 de
1059 2851 1275 2916 comitatibus
1290 2852 1326 2914 in
1341 2848 1451 2932 quibus

314 2977 344 3029 ιε
357 2965 456 3035 sunt;
485 2955 597 3039 qualia
617 2965 696 3021 sunt
718 2955 899 3031 Lincolnia,
917 2952 1098 3030 Wiutonia,
1120 2953 1258 3034 Mimos,
1282 2953 1451 3018 Bercham·

358 3059 461 3138 stede,
477 3057 689 3136 Colecestria,
703 3057 864 3143 pluraque
878 3057 954 3122 alia.

401 3161 595 3244 Diso'pulus.
642 3161 746 3228 Miror
771 3162 896 3227 dixisse
920 3170 955 3227 te
979 3159 1142 3246 quosdam
1166 3160 1317 3226 redditus
1339 3156 1453 3224 consti·

357 3273 450 3331 tutos
465 3264 531 3329 dici
546 3265 658 3330 firmas
672 3267 836 3348 quosdam
850 3283 929 3329 vero
944 3283 1070 3329 census.

401 3366 577 3450 Magister.
622 3369 733 3433 Firme
747 3369 969 3433 maneriorum
984 3376 1071 3444 sunt,
1085 3386 1201 3432 census
1215 3379 1332 3433 autem
1347 3383 1455 3432 nemo·

313 3499 347 3550 30
358 3489 431 3535 rum
446 3478 588 3534 tantum.
633 3469 708 3554 Que
729 3473 820 3536 enim
842 3491 886 3535 ex
910 3471 1061 3536 maneriis
1082 3471 1290 3554 proueniunt,
1305 3471 1386 3554 quia
1402 3487 1457 3553 pet

321 3585 347 3638 U
358 3572 593 3657 agriculturam
606 3573 756 3656 quolibet
770 3593 859 3639 anno
873 3583 1075 3640 renouantur
1088 3583 1122 3638 et
1138 3574 1286 3652 redeunt,
1300 3585 1335 3639 et
1351 3581 1456 3657 preter
1514 3627 1515 3656 ἒ

358 3677 420 3743 hec
445 3677 479 3741 in
503 3675 582 3761 ipsis
605 3677 685 3742 certi
709 3685 787 3741 sunt
812 3679 985 3745 constituti
1011 3678 1158 3743 redditus
1184 3677 1457 3743 consuetudinum

359 3782 429 3846 iure
454 3790 628 3864 perpetuo,
653 3783 772 3847 merito
802 3780 898 3848 firma
926 3793 960 3847 et
990 3780 1211 3847 immutabilia
1237 3783 1457 3846 nominantur.
1514 3779 1515 3784 ’

359 3884 435 3970 Que
445 3904 525 3951 vero
539 3905 583 3950 ex
598 3885 788 3950 nemoribus
799 3905 866 3968 que
876 3887 1026 3970 quotidie
1041 3885 1253 3952 succiduntur
1268 3895 1304 3950 et
1319 3891 1459 3970 pereunt

315 4017 346 4071 ³5
360 4009 470 4054 annua
490 3987 565 4076 lege
588 3989 758 4066 debentur,
779 4009 920 4072 quorum
941 4010 1011 4055 non
1029 3999 1082 4056 est
1102 3999 1172 4054 tam
1195 3986 1310 4054 firmus
1334 3987 1390 4052 vel
1414 3986 1460 4050 in·

394 4171 675 4245 6ProsequaminiC
718 4171 928 4244 ostiam1etc
970 4185 1002 4242 17
1015 4173 1187 4230 esoaetm'C
1223 4175 1352 4245 ptiuset
1370 4169 1462 4230 ωδ

358 4257 392 4298 22
411 4243 520 4316 earum]
533 4243 716 4300 terrarumN
776 4257 810 4313 23
829 4260 893 4298 com
913 4243 1015 4301 otisN
1082 4245 1460 4317 zopluraquesmjuimus:

358 4313 490 4384 pleraque
504 4315 584 4370 CNR
657 4329 691 4384 29
708 4324 804 4371 autem
818 4260 912 4372 (7ηὲ
991 4329 1028 4385 30
1043 4315 1166 4388 tantum]
1180 4316 1282 4372 suntC
