3096 4832
118 323 151 374 11
166 309 201 373 iv
215 304 256 398 Β]
495 305 561 372 DE
584 303 859 374 SCACCARIO
1162 326 1225 396 123

117 484 243 548 adesse
266 501 333 547 non
356 479 492 566 poterit,
516 481 619 547 addat
643 479 676 545 in
704 479 824 546 litteris
846 480 1071 550 excusationis
1093 502 1159 568 que
1181 485 1225 549 ad

117 584 324 648 scaccarium
347 581 535 666 diriguntur
552 579 618 645 ‘Et
639 579 719 664 quia
739 581 851 646 venire
872 601 939 649 non
961 601 1104 670 possum,
1127 583 1226 650 mitto

117 686 217 752 vobis
231 687 295 752 bos
309 685 490 752 seruientes
500 703 594 750 meos
609 684 653 749 N.
665 693 699 750 et
714 684 756 750 N.
773 694 811 751 ut
825 684 899 750 loco
911 705 987 752 meo
1001 687 1069 752 sint
1083 695 1118 752 et
1132 689 1224 771 quod

115 790 162 856 ad
181 811 239 856 me
253 790 397 874 pertinet
418 787 552 865 iaciant,
568 797 676 854 ratum
693 788 867 855 habiturus
882 791 972 874 quod
993 791 1055 874 ipsi
1070 789 1224 858 fecerint!

116 895 300 960 Prouideat
315 903 427 958 autem
442 891 499 976 qui
517 901 655 958 excusat
672 901 709 958 vt
723 892 807 958 alter
826 893 877 958 vel
896 902 1034 980 vterque
1049 893 1222 960 missorum
1236 927 1250 976 5

116 999 214 1063 miles
244 997 289 1063 sit
316 997 370 1063 vel
392 995 495 1062 laicus
516 995 602 1062 alius
619 995 747 1062 ratione
771 997 941 1084 sanguinis
962 997 1017 1063 vel
1038 997 1134 1063 aliter
1159 998 1223 1064 sibi

114 1101 332 1166 coniunctus:
362 1097 428 1166 hoc
453 1107 505 1164 est
527 1100 620 1166 cuius
647 1098 724 1166 fidei
753 1099 806 1166 vel
830 1100 1019 1168 discretioni
1042 1120 1077 1165 se
1103 1109 1138 1166 et
1163 1121 1223 1168 sua

114 1205 330 1272 committere
345 1223 411 1269 oon
426 1203 575 1270 diffidat:
602 1203 690 1269 solos
705 1205 794 1270 enim
810 1204 946 1271 clericos
961 1204 1004 1272 ad
1020 1203 1085 1270 hoc
1099 1204 1221 1288 suscipi

112 1329 185 1376 non
199 1317 344 1393 oportet,
360 1307 481 1391 quiesi
497 1327 592 1373 secus
610 1309 738 1393 egerint
753 1329 819 1374 non
832 1309 926 1376 decet
938 1329 996 1376 ecs
1007 1327 1068 1396 pro
1081 1309 1223 1392 pecunia

111 1412 170 1479 vel
184 1411 367 1479 ratiociniis
381 1411 629 1497 comprehendi.
684 1412 722 1480 Si
739 1434 818 1479 vero
838 1413 977 1480 citatum
992 1412 1220 1480 vicecomitem
1237 1433 1267 1470 ιο

111 1518 238 1582 abesse
252 1513 437 1600 contigerit,
453 1534 521 1580 non
538 1514 732 1582 infirmitate
750 1517 897 1601 quidem,
914 1516 974 1582 sed
992 1515 1141 1604 qualibet
1155 1515 1221 1580 alia

112 1639 219 1685 causa
244 1619 464 1704 prepeditum,
489 1618 537 1683 sic
565 1618 702 1685 forsitan
729 1639 750 1684 a
776 1639 864 1704 pena
887 1619 1070 1686 constituta
1094 1621 1220 1702 poterit

111 1723 269 1800 uberum
289 1739 405 1789 verum
424 1723 468 1790 ad
484 1720 689 1807 explendum
705 1734 899 1809 compotum
918 1744 1014 1790 suum
1033 1722 1143 1790 nullus
1156 1744 1220 1809 pro
1330 1723 1337 1738 “

112 1847 156 1893 co
186 1827 385 1909 suscipietur
413 1845 474 1892 nec
494 1825 738 1911 primogenitus
762 1826 849 1894 filius
876 1847 937 1894 nec
963 1827 1123 1912 generalis
1149 1830 1254 1903 eiusn

111 1939 321 2017 procurator,
340 1927 442 1996 etism
463 1929 491 1995 si
514 1929 614 1995 breue
635 1950 733 1996 suum
757 1930 916 1999 direxerit
937 1951 973 1997 se
995 1939 1103 2000 ratum
1126 1931 1263 2008 habi-15

111 2047 230 2100 turum
246 2034 336 2118 quod
352 2033 409 2099 ille
423 2031 475 2099 vel
492 2033 547 2098 ille
558 2053 620 2118 pro
634 2055 671 2099 se
687 2033 809 2103 iecerit.
854 2035 966 2102 Solius
976 2055 1055 2106 vero
1070 2037 1217 2104 mandati

112 2139 208 2222 regii,
223 2138 275 2204 vel
292 2137 393 2204 etiam
412 2137 610 2222 presidentis
627 2138 833 2217 auctoritate,
851 2139 879 2204 si
897 2161 958 2206 rex
975 2138 1094 2208 absens
1108 2140 1218 2222 suerit,

114 2243 160 2310 ad
182 2251 378 2326 compotum
398 2261 495 2307 suum
510 2242 715 2327 explendum
735 2242 838 2308 alium
854 2244 977 2328 poterit
996 2245 1215 2322 substituere;

113 2345 268 2412 sitamen
279 2343 549 2411 aliudadomino
560 2364 637 2430 rege
648 2346 820 2431 negotium
831 2346 892 2413 sibi
902 2354 995 2432 gerat
1003 2347 1217 2434 assignatum,

112 2449 190 2534 ipse
207 2448 250 2516 ad
269 2447 469 2516 scaccarium
490 2448 524 2513 in
545 2449 679 2533 propria
696 2469 837 2536 persona
855 2460 1044 2535 presentem
1066 2451 1262 2518 nominetis

112 2553 185 2638 qui,
210 2552 306 2618 iuxta
331 2552 423 2636 quod
449 2552 675 2637 supradictum
705 2561 766 2630 est,
790 2554 896 2637 possit
922 2563 959 2618 et
983 2553 1103 2622 debest
1128 2555 1217 2620 vice-

112 2655 246 2723 comitis
275 2655 422 2722 absentis
451 2656 585 2739 negotia
613 2677 798 2742 procurare.
858 2657 946 2724 Illud
972 2666 1085 2726 autem
1115 2657 1216 2724 breue

112 2759 203 2843 regis
225 2757 278 2824 vel
302 2757 500 2842 presidentis
528 2759 582 2825 vel
605 2760 807 2827 vicecomitis
832 2762 1024 2826 excusantis
1047 2761 1081 2830 in
1107 2759 1217 2827 forulo

112 2861 301 2931 marescalli
316 2863 409 2929 cuius
423 2883 524 2948 supra
539 2864 751 2930 meminimus
765 2865 798 2929 in
814 2865 1043 2931 testimonium
1057 2863 1155 2933 huius
1169 2867 1215 2931 rei

111 2967 346 3036 reservabitur.
401 2965 545 3052 Quodsi
563 2969 748 3036 vicecomes
766 2968 849 3036 alias
862 2971 933 3053 regi
948 2970 1151 3038 necessarius
1168 2972 1212 3038 ab
1229 2995 1260 3046 οε

113 3075 191 3159 ipso
207 3080 346 3138 vocatus
364 3070 461 3138 fuerit
480 3082 579 3140 extra
598 3093 748 3158 regnum,
761 3074 824 3153 vel,
839 3082 977 3160 accepta
994 3073 1139 3154 licencia,
1153 3096 1214 3160 pro

107 3177 332 3243 familiaribus
357 3177 496 3260 negotiis
522 3177 616 3242 exire
641 3177 848 3262 disposuerit,
874 3179 965 3262 prius
989 3179 1213 3262 presidentem

111 3282 214 3348 adem
239 3289 274 3346 et
295 3281 372 3348 vius
396 3301 478 3348 voce
501 3281 588 3347 vices
614 3299 691 3346 suas
714 3281 758 3346 ad
784 3283 984 3349 scaccarium
1006 3283 1138 3368 deleget
1159 3285 1213 3350 cui

111 3386 256 3452 voluerit
278 3384 350 3450 viro
371 3384 560 3470 legittimo;
583 3406 650 3469 quo
671 3384 770 3463 facto,
784 3407 861 3451 cum
882 3387 1004 3453 absens
1025 3387 1129 3464 luerit,
1153 3409 1213 3454 nec

111 3493 215 3557 breue
234 3489 367 3556 mittere
382 3507 443 3554 nec
462 3489 646 3555 absentiam
666 3509 760 3554 suam
779 3509 938 3556 excusare
951 3499 1096 3577 cogetur.
1141 3493 1213 3558 Ex·
1226 3516 1258 3565 ss

108 3605 252 3662 cusante
272 3615 352 3661 vero
371 3615 407 3660 se
426 3593 621 3660 vicecomite
639 3615 739 3660 causa
757 3593 965 3684 infirmitatis,
979 3619 1056 3664 cum
1073 3609 1212 3667 ventum

109 3701 209 3767 inerit
239 3699 284 3765 ad
314 3697 524 3765 scribendum
553 3698 624 3764 eius
656 3709 850 3785 compotum
885 3699 919 3766 in
951 3701 1062 3768 annali
1094 3702 1214 3784 rotulo,

109 3805 241 3871 dicetur
268 3801 486 3883 ‘willelmus
512 3803 696 3870 vicecomes
725 3803 910 3884 Londonie,
936 3804 1104 3874 Robertus
1127 3805 1214 3873 filius

109 3907 182 3974 eius
196 3927 258 3992 pro
280 3925 331 3983 eo,
343 3906 453 3973 reddit
470 3915 663 3992 compotum
683 3909 725 3975 de
743 3908 839 3976 firma
856 3910 898 3975 de
914 3908 1109 3977 Londonia’
1160 3909 1214 3975 At

107 4011 136 4076 si
154 4031 217 4097 per
235 4010 323 4094 regis
344 4010 537 4076 mandatum
557 4011 641 4078 alius
661 4011 723 4078 sibi
743 4012 963 4094 substituitur,
976 4013 1031 4079 vel
1047 4015 1119 4098 ipse
1136 4011 1213 4076 viua
1227 4027 1257 4079 35

145 4178 398 4253 3meolmodoR
481 4195 514 4250 14
532 4178 597 4253 nec]
609 4179 664 4238 nisi
677 4181 715 4236 N
792 4184 825 4238 18
843 4183 1011 4254 explendum
1022 4181 1172 4238 sunnone
1185 4181 1214 4234 R

111 4269 145 4325 ¹9
157 4250 270 4323 sliuN
338 4265 374 4306 no
384 4251 422 4306 ed
434 4251 616 4324 soecmrium]
628 4252 813 4309 adiectumli(
880 4251 1217 4322 31venrum1necesre1v

108 4324 195 4396 33de
207 4321 363 4380 Lundoniis
374 4323 434 4378 NR
504 4337 538 4394 34
558 4323 655 4381 reddet
666 4324 726 4378 NR
797 4335 833 4394 35
850 4321 1043 4394 ipselipsall'
