3096 4832
335 339 400 394 110
703 320 771 390 DE
794 321 1070 392 SCACCARIO
1180 313 1297 416 [carr.
1314 336 1387 390 rra
1404 331 1438 391 11

376 497 442 563 III.
465 496 519 562 De
533 494 670 581 agendis
684 493 886 561 vicecomitis
901 493 1134 579 multipliciter.

376 600 437 668 IV.
460 599 590 685 Quibus
619 599 663 666 de
691 598 799 664 causis
828 598 977 664 absentia
1004 597 1205 666 vicecomitis
1233 596 1345 664 valeat
1373 613 1435 664 ex-

332 723 447 772 cusan.

375 806 418 872 V.
441 805 533 892 Quid
563 806 607 872 sit
638 805 803 891 quosdam
835 804 956 872 fundos
984 805 1057 872 dari
1090 803 1239 882 blancos,
1267 805 1434 889 quosdam

306 925 482 978 enumero.

375 1014 437 1082 v1.
461 1012 538 1099 Que
553 1013 621 1080 sint
642 1013 828 1079 vicecomiti
850 1011 1084 1096 computanda,
1098 1010 1278 1078 elemosine
1299 1011 1433 1092 scilimt,

333 1117 470 1196 decime,
486 1117 697 1184 liberationes
711 1117 880 1200 utriusque
894 1116 1033 1202 generis,
1048 1124 1083 1180 et
1096 1123 1183 1180 terre
1198 1117 1286 1182 date

376 1220 458 1287 VII.
482 1219 558 1305 Que
578 1221 643 1286 sint
662 1239 721 1306 per
743 1219 849 1286 solam
870 1219 1142 1285 cousuetudinem
1169 1217 1326 1284 scaccarii
1346 1217 1436 1283 vice·

332 1324 447 1392 corniti
462 1324 696 1408 computanda,
713 1323 777 1388 hoc
792 1331 843 1388 est
857 1323 928 1388 sine
942 1323 1046 1388 breui.

290 1447 321 1488 10
376 1428 475 1496 VIII.
497 1426 577 1512 Quo
600 1427 717 1493 ordine
741 1428 969 1510 computanda
992 1435 1069 1492 suut
1094 1424 1281 1492 vicecomiti
1306 1445 1372 1509 que
1397 1425 1433 1490 in

332 1532 488 1618 operibus
510 1530 609 1598 missa
629 1538 708 1596 sunt
724 1548 785 1614 per
805 1529 908 1596 breue
928 1529 1015 1616 regis
1038 1549 1212 1595 numerum
1235 1548 1302 1594 non
1323 1529 1434 1594 deter-

332 1655 471 1704 mmans.

377 1741 443 1808 IX.
466 1739 569 1825 Quod
587 1759 656 1806 nou
674 1737 861 1804 absoluitur
879 1735 953 1822 quis
973 1758 994 1803 a
1014 1737 1129 1804 debito
1149 1757 1209 1822 per
1226 1735 1327 1802 breue
1345 1737 1433 1822 regis

333 1863 508 1912 numerum
522 1863 589 1911 uon
602 1841 731 1909 habens
746 1842 809 1909 etsi
823 1861 958 1908 causam
973 1843 1181 1908 determinet.

289 1966 319 2018 ¹5
377 1948 421 2014 X.
444 1947 499 2013 De
518 1945 748 2013 excidentibus
767 1956 802 2012 et
822 1947 993 2031 occupatis
1012 1947 1104 2030 quod
1123 1944 1274 2012 usitatius
1289 1944 1433 2011 dicimus

335 2054 378 2120 de
393 2049 614 2135 purpresturis
629 2057 664 2116 et
679 2049 824 2122 escaetia

376 2153 440 2219 XI.
463 2152 518 2220 De
539 2173 639 2220 censu
661 2172 834 2219 nemorum
859 2151 1003 2237 qualiter
1029 2153 1071 2220 de
1100 2152 1164 2218 hiis
1186 2153 1334 2238 compoti
1360 2151 1434 2218 fieri
1541 2207 1542 2210 η

332 2256 488 2326 debeant.

375 2361 456 2428 XII.
480 2361 534 2428 De
560 2359 745 2445 placitis'et
767 2358 1041 2427 conuentionibus
1064 2379 1134 2446 quo
1157 2359 1272 2428 ordine
1296 2362 1340 2427 de
1366 2360 1439 2427 hiis.

290 2505 320 2542 20
334 2466 481 2553 compoti
495 2465 578 2533 fiant
592 2485 668 2531 curn
683 2475 803 2531 exacta
817 2464 1003 2531 soluuntur.

375 2571 480 2642 XIII.
503 2571 558 2636 De
587 2570 799 2636 distinctione
828 2587 1043 2651 personarum
1071 2586 1138 2652 que
1172 2566 1334 2634 soluendo
1363 2587 1435 2634 non

331 2686 418 2755 suut,
433 2678 476 2742 de
490 2675 611 2760 quibus
626 2695 647 2740 a
660 2671 853 2739 vicecomite
866 2672 950 2739 fides
964 2670 1103 2740 offertur
1115 2682 1149 2738 et
1164 2674 1227 2740 sub
1237 2691 1305 2758 quo
1316 2683 1435 2739 tenore

331 2781 509 2848 verborum
523 2781 628 2847 detur.

375 2884 471 2950 XIV.
493 2883 570 2969 Que
586 2879 705 2949 catalla
723 2879 911 2952 debitorum
924 2880 1098 2947 vendenda
1112 2881 1177 2948 sint
1194 2901 1270 2947 curn
1285 2879 1349 2965 ipsi
1365 2900 1433 2946 non

289 3025 318 3076 ²⁵
332 2989 467 3056 soluunt
481 2997 515 3053 et
529 2987 602 3071 quis
616 2986 649 3051 in
664 2985 847 3052 vendendis
861 2984 946 3050 ordo
961 2984 1004 3050 sit
1018 2984 1256 3051 observandus.

375 3091 454 3158 XV.
476 3089 577 3175 Quod
598 3089 780 3156 vicecomes
800 3109 822 3154 a
843 3087 1049 3154 debitoribus
1071 3088 1232 3155 debitoris
1253 3087 1351 3168 illius,
1373 3088 1432 3172 qui

241 3263 246 3274 ,
333 3195 402 3277 regi
417 3213 486 3259 non
501 3191 609 3272 soluit,
624 3192 773 3259 debitam
790 3190 859 3275 regi
873 3209 1038 3256 summam
1053 3190 1145 3275 prius
1158 3191 1328 3276 suscipiat.

376 3297 475 3363 XVI.
498 3295 600 3381 Quod
615 3297 837 3375 vicecomes,a
851 3295 961 3360 lundis
976 3295 1045 3360 eius
1060 3295 1117 3378 qui
1133 3314 1201 3361 non
1215 3294 1324 3374 soluit,
1339 3295 1434 3380 quod

333 3401 506 3483 requiritur
527 3400 685 3485 percipiat
710 3401 812 3466 etiarn
839 3399 868 3466 si
896 3400 1031 3464 eosdem
1054 3418 1100 3465 ex
1128 3419 1197 3485 quo
1227 3399 1297 3483 regi
1326 3399 1434 3466 teneri

287 3537 320 3588 ³0
333 3503 456 3588 ceperit
470 3502 723 3588 quomodolibet
738 3503 940 3569 alienauerit.

376 3606 492 3673 XVII.
515 3605 617 3690 Quod
632 3607 792 3672 nonlicet
812 3605 996 3674 vicecomiti
1010 3605 1159 3672 debitam
1178 3605 1240 3672 srbi
1255 3607 1434 3690 pecuniam

332 3732 354 3777 a
374 3731 441 3777 non
463 3709 669 3777 soluentibus
690 3711 858 3795 suscipere
882 3721 918 3778 et
942 3711 1024 3795 quid
1042 3710 1085 3776 sit
1107 3710 1276 3794 agendum
1297 3710 1327 3776 si
1347 3707 1435 3776 torte
1540 3729 1541 3778 t

332 3815 523 3902 susceperit.

368 3995 387 4054 6
404 3991 593 4066 computande
604 3990 760 4049 elemosina
770 3993 818 4048 N:
838 3992 1027 4064 computando
1039 3990 1195 4048 elemosina
1205 3991 1240 4046 R·
1276 3991 1294 4047 8
1311 3987 1381 4061 siut]
1395 3989 1436 4046 sit

331 4067 368 4124 N
457 4079 488 4122 ιι
508 4079 625 4120 numero
636 4063 696 4120 NR
779 4078 812 4134 13
830 4061 969 4134 adebito]
982 4071 1077 4119 autem
1089 4062 1223 4119 debetN
1314 4061 1438 4118 breuiR

336 4151 369 4205 14
385 4137 495 4194 habens
519 4135 646 4191 Madox:
664 4133 787 4190 habente
806 4133 878 4190 CN:
897 4133 1008 4190 h'autar
1028 4133 1056 4188 R
1079 4133 1208 4204 apicibus
1230 4149 1263 4189 ur
1285 4134 1438 4204 expuncb's

333 4207 444 4264 etlamsi
456 4207 516 4262 NR
585 4220 618 4262 21
638 4203 862 4262 destinationeR
931 4199 1119 4276 22a1nutem
1132 4204 1170 4258 N
1234 4203 1438 4272 remstellaR

334 4274 484 4404 2⁸.⁵2.¹¹¹³²]
497 4275 588 4334 solum
601 4277 652 4335 CR
757 4272 926 4345 eossssen
1025 4288 1062 4346 30
1079 4273 1201 4348 cepitN
1297 4287 1333 4344 3²
1351 4271 1436 4346 quid]

332 4364 382 4418 qur
