3086 4822
106 329 159 394 nn
173 325 208 420 e]
459 330 527 396 nu
551 329 824 398 scnccnnro
1149 333 1190 414 ⁶5

105 501 199 584 recipi.
242 499 279 566 Si
299 499 424 566 scilicet
444 510 586 584 pensata
604 521 678 566 cum
694 499 778 567 libra
792 501 946 586 ponderis
967 501 1010 568 de
1027 503 1192 568 scaccario

105 601 223 670 iuuenta
248 612 300 670 est
327 603 438 670 minus
466 604 592 671 habeus
621 604 708 670 vltra
735 605 777 672 vi.
828 603 914 672 Cum
944 626 1023 692 ergo
1053 606 1192 692 quilibet

104 718 224 774 moneta
242 709 336 794 regni
355 707 453 773 huius
474 708 669 792 impressam
690 707 812 775 habere
827 709 949 776 debeat
971 711 1057 796 regis
1072 710 1191 796 imagi·
1270 773 1271 776 ,

103 831 168 876 uem
182 813 273 878 etad
289 813 381 878 idem
396 813 529 897 pondus
544 831 661 878 omnes
680 814 856 880 monetarii
876 823 1050 881 teneantur
1064 812 1192 900 operari

103 915 230 996 qualiter
258 915 332 980 fieri
359 925 472 1002 potest
496 927 533 982 vt
558 935 626 980 non
655 936 755 982 omne
784 937 899 982 eorum
930 939 1015 1004 opus
1044 919 1220 998 eiusdem5

12 1021 38 1056 ‘¹'
103 1019 246 1100 ponderis
260 1020 315 1086 sit

138 1121 311 1206 Magister.
356 1113 520 1207 Magnum
543 1133 594 1189 est
618 1123 709 1207 quod
733 1125 843 1208 queris
870 1134 904 1191 et
929 1124 1064 1190 alterius
1093 1143 1193 1208 egens

101 1223 320 1309 inquisitionis.
363 1227 529 1293 Attamen
554 1227 624 1294 fieri
650 1237 763 1310 potest
788 1249 848 1313 per
870 1227 1019 1294 falsarios
1041 1238 1076 1295 et
1097 1248 1194 1294 num·

103 1347 220 1394 morum
231 1333 464 1398 ‘decurtatores
477 1331 530 1396 vel
546 1331 750 1398 detonsores.
795 1332 938 1398 Noueris
953 1340 1067 1398 autem
1083 1351 1195 1398 mone·

103 1439 164 1496 tam
186 1431 316 1518 Anglie
339 1433 374 1498 in
399 1433 504 1500 tribus
528 1433 643 1500 salsam
670 1434 880 1519 deprehendi,
903 1436 937 1498 in
964 1432 1047 1499 ialso
1072 1433 1195 1499 scilicet
1210 1463 1240 1500 ιο

102 1537 248 1618 pondere,
263 1539 299 1604 in
318 1536 402 1603 salsa
418 1537 502 1622 lege,
517 1537 550 1602 in
570 1537 653 1604 salsa
672 1538 824 1623 imagine.
871 1537 948 1602 Hiis
970 1545 1083 1604 tamen
1105 1535 1231 1603 salsi-r

103 1641 215 1706 tatibus
231 1663 294 1726 par
309 1661 418 1726 poena
431 1663 498 1707 non
514 1642 662 1708 debetur.
708 1642 777 1710 Sed
792 1641 836 1707 de
850 1640 914 1706 hiis
932 1641 1024 1707 alias.

139 1744 336 1829 Discr'pulus·
380 1745 419 1811 Si
434 1745 544 1830 placet
558 1767 755 1832 persequere
769 1747 813 1812 de
828 1745 944 1813 officiis
958 1753 995 1810 vt
1010 1744 1136 1829 cepisti.

139 1847 316 1932 Magister.
352 1847 410 1913 Ad
424 1848 569 1914 hostiarii
585 1870 697 1915 curam
711 1858 841 1934 spectat
852 1861 889 1914 vt
904 1848 1063 1914 excludat
1073 1849 1125 1914 vel
1140 1851 1197 1915 ad-

103 1950 207 2018 mittat
219 1953 315 2036 quod
330 1960 463 2036 oportet
478 1962 512 2018 et
527 1953 666 2038 diligens
687 1953 731 2018 sit
752 1954 784 2017 in
804 1954 956 2018 custodia
969 1953 1118 2018 omnium
1133 1973 1199 2037 que
1214 1980 1243 2029 15

102 2051 202 2120 hostio
225 2055 480 2122 concluduntur.
524 2056 624 2122 Vnde
649 2066 684 2122 et
711 2057 838 2121 ratione
867 2056 967 2122 hostii
992 2057 1037 2122 de
1061 2057 1199 2142 singulis

104 2159 251 2225 breuibus
266 2159 380 2226 exitus
394 2161 480 2225 duos
495 2160 597 2226 habet
612 2161 772 2227 denarios.
813 2159 879 2224 Hic
895 2160 1060 2225 ministrat
1075 2158 1199 2226 forulos

104 2262 142 2326 ad
166 2263 343 2346 pecuniam
370 2265 595 2348 reponendam
623 2271 658 2328 et
682 2263 808 2329 rotulos
829 2270 865 2327 et
892 2262 998 2328 taleas
1027 2271 1061 2328 et
1091 2273 1199 2330 cetera

103 2369 281 2432 necessaria
305 2386 365 2451 per
390 2387 513 2433 annum
538 2376 572 2433 et
595 2389 657 2452 pro
681 2367 817 2451 singulis
841 2366 955 2433 forulis
984 2367 1070 2432 duos
1098 2365 1200 2432 habet

102 2468 256 2538 denarios
305 2471 373 2535 Hic
395 2471 430 2535 in
452 2491 586 2537 omnem
610 2480 779 2555 receptam
801 2470 891 2554 ligna
916 2480 1083 2555 oportuna
1103 2471 1199 2534 mini-
1216 2499 1245 2536 ιο

103 2583 179 2640 strat
192 2576 237 2643 ad
258 2573 365 2640 taleas
380 2585 512 2659 recepte
532 2584 566 2642 et
581 2585 824 2660 compotorum,
839 2584 873 2640 et
887 2572 999 2652 semel,
1014 2573 1079 2638 hoc
1099 2585 1150 2637 est
1167 2575 1202 2638 iu

102 2679 237 2745 termino
269 2679 377 2744 sancti
405 2678 589 2758 Michaelis,
612 2701 645 2744 v.
669 2677 793 2745 solidos
821 2697 884 2762 pro
913 2675 1012 2762 lignis
1040 2675 1202 2742 talearum

103 2783 246 2867 percipit
297 2781 364 2847 Hic
378 2781 513 2848 vascula
532 2783 652 2867 lignea,
666 2782 829 2865 cnipulos‚
844 2780 970 2847 loculos
990 2788 1025 2845 et
1045 2779 1202 2863 corrigias

103 2893 134 2948 et
158 2895 269 2951 cetera
294 2884 421 2950 minuta
442 2886 625 2952 necessaria
646 2886 689 2951 de
712 2885 792 2951 fisco
813 2884 950 2951 inuenit.
997 2883 1037 2948 In
1059 2883 1203 2949 termino

102 2989 216 3053 eodem
236 3007 301 3074 pro
322 2989 472 3055 incausto
487 2991 591 3055 totius
611 2989 689 3054 anni
705 2989 748 3054 ad
763 3000 940 3072 utrumque
957 2989 1156 3053 scaccarium
1170 2987 1202 3052 ii.
1218 3015 1229 3050 2
1234 3017 1248 3066 5

101 3090 195 3157 solidi
216 3093 383 3159 debentur
402 3113 488 3176 quos
507 3092 571 3158 sibi
591 3093 635 3158 de
654 3093 793 3177 antiquo
813 3093 881 3158 iure
894 3092 1049 3159 vendicat
1069 3093 1203 3158 sacrista

103 3196 234 3262 maioris
251 3195 392 3262 ecclesie
406 3195 653 3262 Wintoniensis.
692 3195 811 3281 Vigilis
825 3195 972 3262 officium
988 3197 1075 3261 idem
1091 3202 1143 3261 est
1157 3195 1204 3261 ibi

102 3300 189 3381 quod
204 3299 297 3376 alibi,
314 3298 563 3385 diligentissima
584 3299 710 3366 scilicet
724 3301 768 3365 de
782 3309 880 3366 nocte
893 3301 1044 3366 custodia
1059 3298 1204 3366 thesauri

102 3403 328 3489 principaliter
344 3413 378 3469 et
398 3403 549 3469 omnium
569 3423 685 3468 eorum
700 3404 815 3488 quein
830 3404 932 3469 domo
947 3404 1092 3470 thesauri
1107 3425 1204 3488 repo·

102 3517 233 3574 nuntur.
281 3506 337 3573 Sic
362 3505 466 3572 habes
492 3507 641 3572 omnium
667 3507 776 3573 officia
805 3507 962 3573 distincta
986 3506 1042 3590 qui
1072 3505 1205 3572 inferius
1220 3531 1252 3580 30

102 3611 301 3677 ministrant.
347 3610 436 3677 Sunt
455 3621 489 3677 et
509 3609 573 3676 hiis
592 3609 803 3676 liberationes
822 3611 1000 3676 constitute
1017 3611 1097 3674 dum
1115 3630 1205 3677 scac-

103 3715 229 3780 carium
247 3724 321 3794 est;
343 3714 408 3780 hoc
426 3723 478 3780 est
496 3737 518 3779 a
537 3715 593 3780 die
612 3733 680 3798 qua
699 3707 925 3779 conuocantur
940 3714 1101 3797 usquead
1118 3714 1206 3778 diem

103 3838 168 3901 qua
193 3819 362 3904 generalis
387 3829 438 3884 est
461 3819 613 3884 secessio.
660 3816 806 3884 Clericus
827 3817 1019 3882 thesaurarii
1040 3817 1098 3901 qui
1123 3817 1207 3881 inira

104 3931 153 3986 cst
169 3945 200 3988 v.
220 3923 375 3987 denarios
396 3921 498 3989 habet
519 3922 553 3988 iu
566 3922 629 3988 die.
674 3921 822 4004 Scriptor
843 3921 990 3986 eiusdem
1012 3919 1206 3986 thesaurarii

138 4055 354 4129 avltra1quam
367 4057 391 4114 C
503 4071 573 4126 4-11
586 4067 615 4114 et
627 4057 666 4112 ad
675 4057 749 4113 idem
763 4097 771 4113 .
784 4096 791 4112 .
804 4095 811 4112 .
823 4057 894 4112 falsa
903 4056 1025 4126 imagine
1034 4051 1093 4110 N':
1114 4055 1208 4110 verh's

104 4144 186 4183 omne
198 4145 308 4198 eorum,
320 4138 453 4191 attamen,
466 4137 539 4184 ·tam
551 4129 653 4199 Anglie
673 4167 680 4183 .
698 4167 706 4183 .
723 4167 731 4183 .
748 4125 871 4196 imagine
883 4143 971 4182 marm
983 4125 1132 4183 recentrbn'
1141 4141 1208 4180 exa·

104 4202 177 4253 ratis
185 4202 218 4253 in
232 4202 364 4270 margine
409 4199 586 4270 5poteritN
625 4197 1009 4268 19persingulosionrlosR
1051 4209 1083 4248 ar
1097 4195 1209 4252 talcsR

105 4283 139 4338 23
151 4269 291 4339 cinipulos
305 4269 330 4325 C
427 4283 462 4338 27
474 4267 678 4325 wintoniensis
689 4270 868 4340 emporus:
887 4265 1131 4323 Westnrouasterii
1142 4265 1207 4322 CR:

104 4337 437 4397 westmonasteriumN
502 4336 726 4409 3ahoc1hicN

148 4459 261 4493 necnec.
644 4439 672 4490 K
