3096 4832
118 284 153 338 ιι
173 263 335 356 xxviiia]
495 267 563 334 DE
586 265 862 336 SCACCARIO
1097 271 1099 278 ’
1166 286 1228 356 159

116 441 304 528 perficitur.
349 437 469 506 Soluta
488 438 553 504 hoc
572 440 714 507 termino
733 460 754 505 a
773 441 966 508 vicecomite
986 440 1090 524 firma,
1105 442 1147 508 de
1161 462 1229 525 qua

117 565 268 612 examen
291 543 417 610 factum
439 553 498 626 est,
513 544 546 608 in
569 544 684 628 primis
705 565 726 610 a
747 543 946 611 calculatore
966 564 1025 630 per
1044 546 1229 612 numerales

117 670 263 716 aceruos
279 650 312 713 in
324 648 518 715 distantium
529 647 695 731 virgarum
707 649 821 732 spatiis
832 648 1048 717 distribuitur.
1086 651 1229 728 Deinde,

115 755 213 820 sacta
233 753 440 818 detractione
459 771 518 835 per
537 753 809 832 combustionem,
824 754 909 819 sicut
923 755 1147 836 supradictum
1167 764 1246 832 est,-

115 859 242 924 mdem
260 855 436 922 dealbatur
451 863 496 934 et,
510 873 659 940 appensa
676 855 738 922 srbi
757 855 879 923 taleola
899 859 1148 936 combustionis,
1163 877 1256 941 ques

115 972 239 1027 tamen
253 959 441 1025 vicecomiti
464 977 532 1024 non
553 969 777 1044 computatur,
791 979 922 1026 summa
943 981 1010 1044 que
1035 961 1228 1043 relinquitur

115 1065 155 1129 in
178 1063 306 1129 taleam
333 1063 514 1149 redigitur3
544 1063 693 1129 similiter
717 1075 751 1130 et
776 1065 866 1148 quod
890 1065 1036 1130 solutum
1062 1065 1168 1128 fuerat
1194 1064 1229 1128 in

113 1168 269 1233 termino
289 1167 417 1233 Pasche
437 1175 471 1232 et
490 1168 694 1247 dealbatum,
709 1168 742 1234 in
763 1170 881 1234 eadem
901 1166 998 1245 talea,
1013 1168 1059 1233 sic
1079 1176 1113 1233 et
1135 1187 1228 1232 com·

115 1271 237 1337 bustio
257 1272 301 1337 de
321 1273 441 1338 eodem
462 1273 603 1337 termino
624 1291 700 1337 cum
719 1271 950 1338 combustione
964 1270 1070 1336 finalis
1084 1271 1228 1347 termini,

115 1376 290 1454 mittitur;
314 1385 351 1441 vt
371 1395 437 1441 vna
456 1377 498 1442 sit
517 1377 687 1460 utriusque
706 1377 880 1442 solutionis
897 1376 985 1442 talea
1005 1385 1049 1457 et,
1069 1373 1228 1454 similiter,
1243 1399 1274 1438 ιο

115 1497 192 1542 vna
207 1479 452 1546 oombustionis.
497 1477 576 1564 Quo
591 1480 682 1548 iacto
696 1480 916 1547 thesaurarius
932 1480 1078 1546 rotulum
1094 1487 1227 1544 exacto·

116 1584 221 1662 rium,
238 1582 329 1649 cuius
351 1604 452 1669 supra
473 1583 693 1665 meminimus,
711 1585 886 1668 proferens,
903 1603 1079 1664 summam,
1097 1602 1164 1665 que
1185 1584 1228 1647 de

115 1687 286 1753 comitatu
318 1687 377 1752 illo
412 1687 593 1773 (debetur)
624 1709 684 1773 per
715 1709 851 1755 aceruos
884 1707 984 1772 supra
1017 1697 1051 1752 et
1083 1687 1228 1752 seriatim

117 1792 257 1874 disponi
283 1790 373 1858 iacit
432 1791 492 1858 Ab
511 1792 573 1858 hac
594 1792 694 1878 igitur
716 1791 873 1875 inprimis,
893 1791 985 1874 quod
1008 1790 1155 1855 solutum
1177 1798 1229 1854 est

115 1897 157 1960 in
181 1895 340 1962 thesauro
358 1904 393 1962 et
413 1895 614 1976 dealbatum,
635 1895 827 1973 detrahitur,
848 1893 969 1959 deinde
990 1893 1080 1977 quod
1102 1911 1163 1957 rex
1185 1893 1272 1966 de15
1309 1905 1312 1910 ’

117 1999 222 2064 firma
236 2001 414 2066 comitatus
429 1999 567 2065 contulit
583 1998 747 2082 aliquibus
762 1998 928 2075 blancum,
939 2006 1017 2080 post
1031 1995 1092 2061 hec
1108 1982 1227 2062 iterum

117 2123 192 2186 que
205 2103 287 2168 alias
302 2102 412 2168 soluta
427 2111 505 2168 sunt
519 2123 578 2186 per
595 2103 710 2168 breuia
724 2102 819 2185 regis,
829 2098 887 2166 vel*
896 2099 1003 2179 aliter,
1017 2119 1077 2183 per
1090 2119 1227 2166 aceruos

117 2208 355 2290 disponuntur,
383 2215 417 2272 et
442 2205 504 2272 hec
526 2225 587 2290 per
612 2205 871 2272 subtractionem
895 2203 1071 2271 duodecim
1096 2203 1226 2270 denari-

43 2336 49 2347 *
119 2331 222 2375 orum
247 2331 267 2374 e
292 2310 428 2394 singulis
457 2309 548 2375 libris
578 2309 783 2388 dealbantur,
809 2309 986 2392 sicutque
1012 2310 1046 2373 in
1072 2307 1262 2374 thesauroc

119 2413 300 2479 soluuntur
325 2415 479 2480 dealbata
504 2433 564 2498 per
585 2412 856 2480 combustionem.
899 2413 995 2478 Tunc
1018 2431 1099 2496 ergo
1120 2409 1159 2477 fit
1180 2413 1226 2476 in·
1242 2433 1274 2470 ιο

117 2517 252 2582 ferioris
271 2537 420 2600 expense
440 2537 461 2582 a
480 2509 648 2601 superiore
668 2535 798 2582 summa
814 2517 978 2582 detractio
996 2525 1039 2595 et,
1054 2516 1081 2578 si
1096 2516 1228 2598 penitus

118 2619 255 2687 absolui
270 2621 436 2698 meruerit,
450 2620 484 2684 in
499 2621 565 2686 line
578 2620 725 2705 compoti
740 2619 888 2685 eiusdem
906 2618 1023 2685 litteris
1038 2617 1229 2703 patentibus

119 2723 277 2790 scribitur
292 2723 358 2788 ‘Et
372 2721 504 2807 quietus
520 2721 588 2787 est’
602 2723 655 2790 vel
676 2722 760 2788 inira
780 2723 814 2788 in
833 2723 943 2808 capite
961 2722 1048 2789 linee
1067 2722 1228 2787 inferioris
1289 2741 1290 2746 ¹

120 2827 192 2893 ‘Et
215 2827 336 2892 debet!
381 2827 428 2892 Et
455 2837 536 2893 tunc
561 2827 705 2906 demum,
721 2835 953 2894 consummato
976 2836 1143 2910 compoto,
1168 2845 1229 2889 nu·

120 2951 238 2996 merus
251 2931 436 2997 solutorum
455 2931 489 2997 in
507 2931 664 2996 thesauro
682 2933 861 3016 apponitur
875 2925 914 3008 ei,
929 2933 1020 3015 quod
1033 2931 1227 2996 iamdudum
1244 2959 1274 3009 ²5

121 3035 272 3100 ¹diximus
293 3035 463 3117 scripturn,
482 3033 541 3098 ‘In
561 3033 739 3112 thesauro,'
764 3042 800 3101 et
816 3035 908 3118 quod
933 3034 1038 3100 suerat
1058 3035 1228 3116 hucusque

121 3138 172 3204 sic
199 3159 245 3204 cx
268 3137 429 3203 industria
461 3138 619 3216 relictum,
643 3159 685 3202 ne
711 3136 796 3203 sorte
818 3148 958 3224 cogatur
989 3138 1147 3204 abradere
1171 3138 1228 3222 qui
1348 3147 1349 3152 ’

120 3241 248 3320 scribit,
270 3241 363 3324 quod
384 3241 532 3306 maxime
553 3241 640 3306 circa
661 3261 815 3308 numeros
839 3251 875 3308 et
900 3243 1035 3308 nomina
1056 3251 1090 3308 et
1112 3259 1228 3309 causas

121 3345 322 3412 iamdudum
337 3345 509 3410 vitandum
523 3345 679 3412 diximus.

168 3449 412 3516 Consummato
426 3469 514 3528 vero,
528 3447 613 3515 sicut
628 3448 753 3514 dictum
769 3459 827 3525 est,
840 3450 883 3515 de
897 3469 1035 3534 corpore
1050 3451 1227 3516 comitatus
1240 3437 1349 3563 {Wffl

122 3563 295 3638 compoto,
309 3572 330 3616 a
345 3551 538 3617 marescallo
557 3552 641 3618 fides
655 3553 857 3618 vicecomitis
875 3553 939 3618 sub
955 3553 1062 3619 forma
1081 3555 1229 3638 predicta

122 3657 228 3724 semel
244 3657 423 3741 suscipitur
433 3665 467 3722 et
478 3656 525 3722 sic
540 3655 713 3722 absolutus
723 3657 909 3722 dimittitur.
947 3657 1095 3723 Fuerunt
1106 3669 1228 3742 tamen,

123 3765 183 3848 qui
210 3761 381 3829 crederent
404 3761 448 3826 de
472 3760 607 3844 singulis
619 3779 691 3845 ·per
716 3759 817 3825 fidem
841 3760 1012 3828 firmandis
1033 3763 1227 3847 singillatim

123 3869 226 3934 fidem
252 3889 274 3932 a
296 3867 490 3934 vicecomite
515 3865 662 3931 dandam
685 3874 729 3944 vt,
755 3866 911 3950 quotiens
936 3866 1060 3933 diceret
1084 3869 1131 3934 sic
1157 3887 1228 3933 esse

123 3971 263 4056 aliquid,
292 3973 385 4057 quod
413 3969 485 4038 sola
513 3980 625 4055 posset
655 3969 723 4035 fide
750 3968 946 4049 confirmari,
974 3971 1097 4037 totiens
1126 3970 1226 4036 iidem
1241 4008 1273 4060 35

163 4193 198 4248 13
217 4179 335 4235 debetur
346 4179 396 4261 vei
403 4177 498 4261 simile
507 4129 582 4248 qaid
589 4175 778 4249 supplendum
790 4175 928 4232 dum'mus
999 4247 1006 4260 ι
1061 4183 1090 4230 et
1102 4171 1226 4278 seriatim

122 4250 264 4378 rodacldrm
274 4261 364 4378 codd⁵
379 4248 671 4390 mgdhcddddrfmmata
682 4259 742 4373 dir
749 4264 849 4374 :mcx
859 4244 1226 4386 ffiwffrczmsincrlagoz.

1177 4483 1264 4602 0

1101 4694 1104 4695 γ
1116 4663 1170 4695 ffl-
