3096 4832
323 264 385 334 108
689 262 757 330 DE
779 262 1053 339 SCACCARIO
1274 263 1302 361 [1
1317 273 1377 339 xvi
1392 287 1420 340 Α

320 436 464 504 cundum
493 431 692 522 tripartitam
723 457 835 506 earum
867 439 1124 518 distinctionem,
1153 441 1218 510 hoc
1247 452 1300 508 est
1329 443 1422 510 Mer·

320 541 510 626 chenelage,
525 541 709 626 Dandage‚
723 541 1026 630 Westsexenelage‚
1040 547 1202 628 quasdam
1218 547 1423 632 reprobauit,

322 646 485 729 quasdam
501 655 613 726 autem
628 649 817 732 approbans
829 647 894 713 illis
908 651 1143 717 transmarinas
1158 652 1316 717 Neustrie
1330 651 1424 737 leges

321 769 387 832 que
416 749 460 814 ad
490 751 581 836 regni
615 769 733 836 pacem
762 754 921 818 tuendam
953 752 1179 820 efficacissime
1212 755 1424 838 videbantur,

294 887 308 939 5
322 847 450 920 adiecit.
481 855 627 921 Demum
643 855 778 938 nequid
795 859 909 922 deesse
919 856 1095 938 videretur,
1110 859 1155 924 ad
1168 878 1302 925 omnem
1317 859 1424 925 totius

324 955 532 1041 prouidentle
550 979 724 1040 summam,
742 960 985 1028 communicato
1003 962 1149 1041 consilio,
1167 962 1424 1028 discretissimos

324 1081 346 1126 a
366 1061 469 1128 latere
490 1082 551 1128 suo
572 1061 753 1128 destinauit
770 1058 856 1129 viros
878 1085 938 1148 per
954 1085 1094 1151 regnum
1116 1065 1149 1130 in
1170 1066 1318 1132 circuitu.
1362 1065 1424 1130 Ab

323 1165 387 1230 hiis
411 1165 526 1250 itaque
549 1167 652 1234 totius
680 1177 765 1233 terre
791 1163 970 1254 descriptio
995 1169 1136 1255 diligens
1162 1169 1250 1236 iacta
1275 1177 1326 1235 est
1352 1177 1423 1234 tam

325 1271 359 1334 in
375 1271 566 1336 nemoribus
580 1290 681 1354 quam
693 1273 825 1356 pascuis
836 1283 871 1339 et
881 1273 992 1357 pratis,
1003 1295 1063 1340 nec
1078 1283 1189 1340 uonet
1202 1273 1421 1358 agriculturis,
1540 1285 1541 1304 ¹

283 1406 312 1445 ιο
325 1384 360 1440 et
380 1373 490 1440 verbis
511 1375 741 1442 communibus
763 1386 922 1444 annotata
944 1378 979 1444 in
1004 1377 1123 1444 librum
1145 1378 1280 1444 redacta
1302 1388 1362 1456 est,
1387 1388 1424 1442 vt

325 1477 479 1544 videlicet
500 1479 641 1562 quilibet
663 1479 733 1545 iure
753 1501 814 1546 suo
837 1489 1012 1549 contentus
1034 1481 1177 1548 alienum
1199 1503 1266 1547 non
1288 1490 1425 1566 usurpet

326 1583 470 1667 impune.
505 1583 561 1649 Fit
572 1592 685 1649 autem
696 1585 875 1670 descriptio
885 1607 946 1670 per
955 1587 1142 1664 comitatus,
1152 1607 1213 1672 per
1223 1586 1425 1652 centuriatas

327 1696 362 1752 et
383 1685 489 1762 hidas,
504 1697 681 1770 prenotato
701 1688 735 1752 in
759 1688 832 1772 ipso
854 1691 964 1773 capite
979 1684 1065 1774 regis
1086 1691 1230 1771 nomine,
1243 1709 1283 1757 ac
1304 1687 1426 1754 deinde
1540 1773 1541 1776 Ἴ

327 1789 472 1856 seriatim
495 1789 635 1856 aliorum
657 1812 831 1876 procerum
854 1793 1041 1860 nominibus
1063 1794 1224 1879 appositis
1243 1792 1425 1859 secundum

285 1925 314 1977 ¹5
332 1901 440 1959 status
453 1895 504 1960 sui
518 1894 725 1980 dignitatem,
736 1897 793 1981 qul
809 1897 965 1964 videlicet
979 1899 1023 1965 de
1034 1917 1112 1984 rege
1128 1906 1243 1965 tenent
1259 1897 1292 1962 in
1307 1896 1427 1980 capite.

329 1997 555 2081 Apponuntur
573 2009 686 2066 autem
705 2000 843 2085 singulis
862 2003 989 2068 numeri
1010 2003 1193 2068 secundum
1212 2001 1362 2067 ordinem
1378 1999 1427 2064 sic

330 2101 507 2185 dispositis,
522 2117 581 2186 per
601 2123 685 2186 quos
708 2104 844 2172 inferius
865 2106 900 2171 in
921 2104 993 2189 ipsa
1014 2105 1088 2171 libri
1110 2106 1193 2170 serie
1215 2124 1281 2188 que
1303 2103 1347 2169 ad
1369 2121 1428 2168 eos
1540 2109 1541 2120 ¹

295 2205 499 2290 spertinent
534 2206 660 2274 facilius
696 2219 883 2276 occurrunt.
943 2209 1011 2275 Hic
1055 2209 1138 2275 liber
1175 2209 1220 2276 ab
1262 2208 1429 2291 indigenis

333 2310 534 2376 ‘Domesdei
547 2307 774 2396 ’nuncupatur
788 2314 823 2378 id
841 2323 891 2379 est
906 2315 979 2380 dies
989 2313 1101 2380 iudicii
1118 2334 1176 2398 per
1187 2313 1430 2396 metaphoram.
1540 2375 1541 2382 ,

287 2439 319 2482 ro
332 2413 428 2482 Sicut
450 2415 539 2479 enim
560 2415 699 2484 districti
726 2426 761 2482 et
787 2418 941 2484 terribilis
965 2419 1126 2484 examinis
1148 2416 1236 2482 illius
1259 2413 1430 2481 nouissimi

331 2518 496 2586 sententia
520 2519 612 2586 nulla
640 2521 920 2604 tergiuersationis
948 2531 1023 2589 arte
1045 2519 1133 2589 valet
1156 2521 1257 2601 cludi,
1281 2519 1328 2586 sic
1354 2538 1431 2584 cum
1540 2511 1541 2592 ζ

331 2634 406 2690 orta
420 2623 519 2691 luerit
536 2623 569 2687 in
586 2643 689 2708 regno
710 2627 881 2692 contentio
902 2628 944 2692 de
962 2625 1025 2692 hiis
1045 2628 1144 2692 rebus
1161 2645 1227 2709 que
1246 2623 1313 2690 sslic
1326 2641 1431 2688 anno·

331 2738 456 2809 tantur,
466 2747 542 2795 cum
553 2739 689 2794 ventum
703 2725 800 2794 suerit
811 2731 855 2794 ad
869 2728 1002 2809 librum,
1014 2729 1178 2795 sententia
1192 2729 1264 2793 eius
1275 2724 1433 2791 infatuari

334 2851 402 2899 non
427 2841 540 2917 potest
564 2831 617 2899 vel
643 2832 779 2916 impune
808 2833 976 2900 declinari.
1029 2832 1087 2900 Ob
1111 2833 1175 2898 boc
1202 2851 1263 2898 nos
1286 2831 1431 2896 eundem

290 2961 320 3013 ²5
334 2934 453 3001 librum
484 2936 728 3002 ‘iudiciariam'
758 2937 1011 3018 nominauimus,
1040 2935 1227 3019 nonquod
1253 2935 1287 2999 in
1318 2954 1360 2999 eo
1389 2933 1434 2998 de
1540 3015 1541 3020 ἵ

334 3041 515 3125 propositis
530 3039 697 3125 aliquibus
711 3041 820 3107 dubiis
830 3040 953 3107 seratur
970 3041 1146 3118 sententia,
1155 3049 1206 3106 set
1220 3039 1312 3123 quod
1323 3037 1368 3103 ab
1381 3057 1433 3116 eo,
1540 3069 1541 3104 3

335 3145 421 3210 sicut
435 3166 456 3210 a
470 3146 620 3229 predicto
635 3147 764 3226 iudicio,
779 3165 847 3211 non
861 3145 939 3212 licet
953 3145 1022 3212 ulla
1035 3144 1163 3210 ratione
1177 3145 1356 3210 discedere.

376 3246 574 3331 Discipulus.
619 3247 709 3333 Quid
726 3249 913 3330 comitatus,
928 3248 1008 3334 quid
1024 3249 1208 3315 centuriata
1221 3245 1275 3311 vel
1293 3245 1375 3329 quid
1390 3244 1436 3309 sit

337 3350 417 3417 hida
442 3351 470 3416 si
496 3350 607 3435 placet
632 3354 784 3419 edissere.
828 3353 990 3438 Alioquin
1019 3352 1121 3436 plana
1149 3371 1217 3417 non
1245 3341 1437 3433 eruntque
1540 3357 1541 3418 3

292 3501 324 3553 ³0
334 3455 493 3540 premissa
507 3464 593 3522 sunt.

253 3579 327 3640 ,νη
381 3558 558 3642 Magister.
604 3557 760 3628 Ruricole
786 3563 905 3628 melius
933 3563 998 3628 hoc
1019 3568 1150 3627 norunt.
1192 3557 1328 3636 Verum,
1350 3557 1439 3621 sicut
1540 3571 1541 3598 ³

338 3663 382 3728 ab
400 3661 480 3747 ipsis
500 3663 699 3747 accepimus,
713 3665 794 3730 bida
807 3685 828 3732 a
842 3666 1011 3751 primitius
1027 3663 1235 3731 institutione
1248 3683 1294 3727 ex
1309 3680 1338 3726 c.
1354 3661 1441 3726 acris

338 3776 478 3834 constat.
524 3767 728 3833 Hundredus
748 3787 828 3835 vero
849 3789 895 3834 ex
916 3769 1071 3836 hidarum
1093 3765 1222 3852 aliquot
1242 3763 1441 3832 centenariis

338 3880 390 3937 set
411 3889 479 3936 non
501 3869 737 3936 determinatis.
783 3871 930 3956 Quidam
952 3873 1040 3938 enim
1059 3891 1103 3939 ex
1124 3870 1283 3956 pluribus,
1299 3868 1441 3952 quidam

374 4037 391 4080 2
404 4023 553 4094 Danelagc
562 4039 616 4079 om.
628 4023 656 4078 R
726 4038 743 4096 3
761 4023 824 4080 illas
838 4025 863 4081 C
942 4035 957 4097 5
970 4024 1070 4082 deesse
1095 4024 1194 4081 decem
1206 4023 1235 4079 R
1285 4019 1398 4077 videtur
1408 4019 1447 4074 Ν
1540 4039 1541 4054 ¹

338 4093 553 4167 6prouincieC
688 4096 1040 4165 9etmtenccnonadd.
1084 4097 1112 4150 R
1250 4107 1282 4162 14
1300 4091 1404 4148 seriato
1417 4091 1444 4148 C
1540 4075 1541 4144 l

342 4180 373 4236 17
388 4162 463 4236 libri]
477 4163 596 4221 membri
611 4165 636 4220 C
714 4167 747 4222 18
759 4177 907 4222 occunant
919 4167 947 4222 R
1026 4179 1059 4238 19
1072 4163 1230 4248 Domesdai
1245 4165 1269 4220 C
1345 4176 1377 4218 21
1399 4178 1443 4216 src

339 4254 393 4292 om.
405 4237 433 4292 R
506 4248 541 4291 aa
559 4252 614 4307 que
625 4253 678 4292 om.
689 4236 718 4292 R
794 4249 828 4309 ας
847 4253 905 4292 non
916 4253 970 4294 om.
982 4237 1010 4292 R
1084 4237 1119 4294 28
1138 4246 1175 4292 sut
1186 4251 1241 4294 om.
1256 4235 1280 4292 C
1353 4247 1390 4303 ³⁴
1407 4249 1443 4288 ex

340 4323 393 4361 om.
409 4307 434 4362 C
501 4305 629 4378 quidam]
641 4307 762 4380 quedam
774 4309 810 4363 N
1540 4317 1541 4344 l
