3086 4822
325 292 368 360 os
694 287 761 354 nn
785 285 1059 356 scnccnuro
1296 277 1327 372 [1
1341 284 1429 350 iiiic

326 473 386 539 est,
401 459 572 544 proposita
593 478 725 526 summa
747 477 812 542 que
834 457 980 544 exigitur
1002 466 1037 522 et
1058 456 1240 541 suppositis
1257 457 1300 522 ad
1323 457 1428 523 colla-

326 565 450 632 tionem
477 563 546 628 eius
571 563 636 630 hiis
658 583 724 646 que
745 561 854 628 soluta
883 571 969 642 sunt,
992 579 1052 645 per
1071 561 1333 628 subtractionem
1358 563 1428 627 dis-

326 685 469 747 cernere,
477 666 505 732 ni
515 664 722 734 satisfactum
734 675 785 731 est
794 665 847 730 vel
859 665 886 730 si
899 665 981 748 quid
992 673 1105 730 restat.
1149 663 1201 730 At
1212 685 1289 730 curn
1302 667 1429 750 ceperit

328 769 505 854 multiplex
534 769 702 854 inquisitio
727 767 798 834 fieri
828 770 871 834 de
902 767 966 832 hiis
996 768 1104 846 rebus,
1129 787 1196 852 que
1223 770 1314 834 uarie
1346 767 1429 834 fisco

299 875 534 962 gproueniunt,
557 883 592 939 et
613 873 751 940 diuersis
773 871 882 936 modis
914 871 1126 954 requiruntur
1147 881 1183 938 et
1210 894 1232 938 a
1253 873 1430 940 vicecomi-

327 979 418 1043 tibus
443 997 510 1044 non
532 977 651 1044 eodem
676 976 779 1042 modo
801 976 1046 1059 perquiruntur,
1066 977 1252 1042 discernere
1276 977 1305 1042 si
1334 997 1430 1042 secus

327 1081 456 1165 egerint
474 1081 675 1165 quibusdam
698 1098 800 1163 graue
819 1090 872 1145 est
893 1087 927 1144 et
949 1079 995 1146 ob
1016 1078 1080 1146 hoc
1099 1080 1187 1146 circe
1206 1080 1271 1146 boc
1292 1081 1432 1148 scientia

202 1181 207 1190 ’
328 1185 483 1251 scaccarii
498 1184 604 1249 maior
626 1203 698 1250 esse
716 1183 845 1248 dicitur.
906 1182 1094 1248 Dubiorum
1117 1203 1197 1248 vero
1218 1184 1272 1249 vel
1294 1184 1429 1250 dubita·

200 1303 204 1312 ·
323 1289 410 1354 'lium
440 1287 559 1354 iudicia
583 1307 649 1370 que
675 1285 863 1370 frequenter
892 1296 1064 1371 emergunt
1085 1287 1149 1353 sub
1171 1307 1239 1355 una
1267 1297 1430 1354 tractatu

287 1421 316 1460 10
330 1393 414 1457 serie
426 1389 663 1476 comprehendi
675 1409 741 1454 non
752 1389 864 1456 valent
876 1389 954 1474 quin
965 1409 1026 1456 nec
1037 1391 1118 1456 dum
1129 1391 1242 1456 omnia
1251 1391 1431 1456 dubiorum

329 1515 452 1580 genera
472 1495 506 1560 iu
528 1493 635 1560 lucem
657 1493 860 1578 prodierunt
905 1491 1060 1576 Quedam
1081 1505 1194 1560 tamen
1216 1514 1261 1558 ex
1282 1495 1433 1579 hiisque

331 1598 502 1683 proposita
525 1597 579 1662 vel
608 1595 829 1662 determinata
854 1597 1071 1680 cognouimus
1092 1598 1160 1663 suis
1189 1597 1271 1664 locis
1296 1597 1434 1666 inferius

329 1701 570 1770 annotabimus.

374 1803 571 1889 Dr'scipulus.
616 1803 708 1888 Quid
738 1813 789 1870 est
826 1803 924 1870 huius
957 1814 1028 1872 tem
1066 1805 1261 1873 excellentis
1297 1807 1435 1874 sessoris

295 1909 498 2002 vofficium?

296 2025 321 2074 Α
376 2013 553 2096 Magum.
596 2010 701 2078 Aliud
717 2011 827 2078 verius
841 2013 978 2079 attribui
997 2013 1060 2079 sibi
1075 2033 1143 2080 non
1159 2013 1249 2082 valet
1263 2015 1325 2080 nisi
1340 2015 1435 2098 quod

291 2102 320 2154 ¹⁵
332 2116 488 2183 omnibus
506 2135 572 2198 que
593 2115 628 2181 in
649 2115 803 2181 inferiore
824 2116 876 2181 vel
899 2117 1067 2201 superiore
1088 2118 1251 2184 scaccario
1273 2117 1357 2183 fiunt
1378 2117 1434 2184 hic

333 2218 492 2303 prospicit
506 2229 540 2284 et
554 2220 599 2285 ad
613 2227 731 2284 nutum
746 2219 849 2301 ipsius
868 2218 1015 2302 quelibet
1029 2221 1138 2286 officia
1157 2221 1306 2288 subiecta
1320 2223 1435 2305 dispo·

332 2331 479 2402 nuntur;
516 2323 564 2388 sic
589 2330 702 2387 tamen
727 2331 764 2388 vt
794 2323 838 2390 ad
868 2323 998 2388 domini
1023 2323 1110 2408 regis
1139 2322 1317 2391 utilitatem
1347 2325 1437 2390 iuste

289 2452 320 2490 ao
333 2425 540 2512 proueniant.
599 2425 676 2492 Hoc
705 2437 819 2491 tamen
851 2425 937 2492 inter
966 2436 1074 2493 cetera
1102 2427 1233 2496 videtur
1264 2428 1437 2495 excellens

332 2531 423 2615 quod
449 2537 562 2615 potest
581 2529 642 2604 ,hic
667 2528 730 2596 sub
757 2529 948 2595 testimonio
975 2550 1037 2595 suo
1067 2531 1168 2598 breue
1193 2532 1322 2597 domini
1347 2533 1438 2618 regis

332 2635 441 2702 iacere
464 2633 533 2700 fieri
556 2643 593 2698 vt
617 2633 661 2698 de
683 2632 839 2699 thesauro
869 2633 1017 2717 quelibet
1039 2655 1172 2702 summa
1192 2635 1358 2714 liberetur,
1379 2636 1438 2702 vel

332 2751 369 2806 vt
390 2747 601 2823 computetur
625 2735 722 2804 alicui
751 2738 842 2820 quod
863 2737 926 2802 sibi
953 2759 998 2802 ex
1018 2739 1145 2804 domini
1166 2740 1252 2824 regis
1274 2741 1439 2806 mandato

334 2843 524 2926 prenouerit
539 2840 814 2926 computandum,
828 2840 881 2904 vel
897 2841 925 2906 si
942 2839 1095 2909 maluerit
1109 2843 1210 2908 breue
1225 2863 1322 2908 suum
1336 2844 1438 2909 saciet

291 2969 320 3020 25
334 2945 398 3013 rub
411 2945 553 3012 aliorum
568 2944 762 3010 testimonio
778 2945 821 3009 de
835 2943 900 3010 hiis
915 2944 1022 3012 rebus.

378 3047 574 3132 Discipulos.
629 3047 776 3132 Magnus
786 3057 839 3113 est
853 3047 908 3113 hic
922 3049 1019 3114 cuius
1039 3048 1117 3114 fidei
1132 3049 1236 3116 totius
1251 3049 1342 3134 regni
1356 3070 1440 3116 cura

334 3152 437 3216 irnmo
451 3161 486 3217 et
496 3171 554 3219 cor
568 3153 655 3236 regis
664 3151 893 3218 committitur.
939 3151 1109 3238 Scriptum
1123 3154 1247 3239 quippe
1263 3165 1336 3220 ests
1358 3155 1440 3220 ‘ubi

335 3263 387 3320 est
404 3254 577 3320 thesaurus
597 3264 674 3321 tuus
695 3255 740 3321 ibi
760 3265 811 3322 est
828 3265 862 3322 et
879 3275 938 3322 cor
955 3255 1071 3324 tuum!
1126 3257 1186 3324 Set
1202 3258 1269 3324 ianr
1283 3258 1312 3324 si
1326 3255 1441 3342 placet

335 3377 534 3443 prosequere
548 3359 592 3424 de
609 3360 736 3424 ceteris.

291 3485 323 3533 30
380 3460 555 3544 Magister.
598 3461 659 3527 Vis
687 3483 869 3548 prosequar
898 3463 942 3529 de
979 3463 1059 3549 ipsis
1095 3466 1277 3533 secundum
1314 3467 1443 3550 gmdus

337 3564 538 3648 dignitatum
553 3585 596 3630 an
611 3567 794 3631 secundum
809 3568 1062 3652 dispositionem
1077 3569 1229 3634 sedium?

380 3667 576 3750 Dr'scipulus.
620 3668 812 3737 Secundum
835 3671 926 3754 quod
948 3671 1089 3755 quisque
1114 3672 1243 3738 ratione
1265 3671 1366 3738 officii
1388 3675 1444 3738 sui

336 3771 450 3840 sedern
468 3773 610 3857 adeptus
631 3783 692 3839 est.
738 3773 851 3840 Facile
873 3773 960 3839 enirn
982 3777 1054 3854 erit,
1071 3785 1109 3840 vt
1131 3777 1241 3856 credo,
1255 3795 1301 3842 ex
1322 3777 1445 3842 officiis

336 3875 542 3962 perpendere
556 3875 745 3960 dignitates.

293 3997 323 4048 ³5
381 3979 557 4062 Μηίων.
602 3979 651 4047 Vt
670 3979 801 4048 noueris
823 3999 892 4064 quo
912 3981 1027 4048 ordine
1046 3981 1376 4067 disponantur,scias
1398 3985 1445 4051 ad

376 4200 424 4257 1-5
443 4188 481 4241 nd
494 4185 670 4242 collationem
681 4227 690 4244 .
703 4185 922 4256 ..requiruntur
930 4183 977 4240 N·
1042 4201 1058 4256 3
1071 4189 1140 4245 setis
1151 4189 1267 4244 oii’mR
1331 4201 1348 4257 7
1366 4189 1448 4246 circa

339 4258 440 4312 becN
494 4255 771 4312 8dubitebiliumN
829 4269 862 4308 10
878 4256 1054 4312 omniumN
1106 4273 1137 4328 17
1151 4260 1180 4315 in
1189 4277 1243 4316 om.
1252 4260 1311 4314 NR
1357 4261 1447 4316 luerit

340 4326 399 4379 NR
452 4325 656 4396 22quilibetN
708 4337 742 4390 27
752 4322 869 4394 qnippe]
881 4325 991 4382 enimc
1042 4330 1076 4384 28
1087 4339 1117 4386 et
1126 4331 1216 4387 oenc
1263 4344 1299 4400 33
1307 4331 1452 4388 officioN
