3096 4832
98 305 132 358 11
147 288 236 382 xxii]
464 293 531 360 DE
555 293 836 366 SCACCARIO
1136 316 1198 392 153

99 465 172 531 siue
188 468 282 532 miles
304 466 348 533 sit
370 465 442 532 siue
464 488 540 546 non,
562 465 619 533 lex
640 466 767 535 statuit.
806 468 852 534 Et
874 471 1034 555 quoniam
1058 475 1198 544 liberum

98 581 152 637 est
174 572 308 638 cuilibet
334 572 451 637 baroni
482 592 545 656 pro
574 571 697 648 debito,
728 574 818 656 quod
844 574 889 639 ab
915 577 990 659 ipso
1016 581 1198 664 requiritur,

96 673 197 740 fidem
215 676 366 742 officialis
384 695 563 762 opponere,
577 685 614 740 vt
633 676 681 740 sic
701 675 833 741 interim
853 677 1057 747 vicecomitis
1074 684 1198 769 impor-

94 777 239 842 tunitate
261 784 372 840 careat
396 781 430 838 et
452 774 495 839 de
518 777 615 842 rebus
635 779 702 844 suis
725 781 920 863 oportunius
940 783 1011 866 ipse
1033 785 1198 871 disponat,

95 897 139 942 ne
153 879 201 943 sic
217 879 251 942 in
266 878 464 944 immensum
479 879 558 966 regii
575 883 723 947 mandati
736 883 1081 954 videaturauctoritas
1097 890 1196 972 eludi,
1210 919 1225 971 ⁵

95 984 267 1048 decretum
293 993 345 1048 est
365 993 412 1059 vt,
433 985 674 1067 comprehenso
696 985 753 1051 illo
774 987 831 1072 qui
854 987 921 1054 lese
942 989 1021 1055 fidei
1043 1010 1136 1058 reum
1157 1016 1194 1061 se

92 1107 161 1150 non
187 1087 393 1153 satisfaciens
422 1087 587 1164 iudicauit,
611 1088 725 1154 statim
752 1111 773 1154 a
801 1089 996 1182 vicecomite
1016 1096 1196 1164 seruientes

91 1189 287 1275 dirigantur,
302 1193 360 1276 qui
374 1191 493 1258 fundos
507 1191 698 1278 principalis
712 1193 839 1259 domini
858 1194 1104 1278 perlustrantes,
1119 1222 1195 1266 ven-

90 1294 172 1359 ditis
202 1316 414 1379 quocumque
442 1296 543 1360 modo
572 1294 710 1376 catallis,
737 1317 903 1362 summam
933 1302 1126 1382 requisitam
1151 1305 1195 1370 ad

89 1399 294 1465 scaccarium
314 1400 460 1464 eiusdem
482 1400 616 1464 termini
638 1399 797 1482 deserant,
815 1411 850 1468 et
865 1403 1002 1468 tandem
1026 1404 1081 1470 ille
1102 1427 1242 1477 com-10

89 1503 273 1586 prehensus
292 1523 355 1589 pro
376 1503 443 1568 fide
463 1501 532 1568 lesa
552 1503 649 1568 iuxta
670 1504 922 1588 possibilitatem
946 1527 1041 1573 suam
1059 1512 1193 1593 pecuni-

88 1609 195 1673 ariam
212 1627 333 1692 penam
352 1607 422 1672 luat
444 1616 479 1672 et
501 1606 644 1692 amplius
665 1628 764 1692 super
781 1610 900 1675 eodem
921 1610 1048 1689 debito,
1063 1613 1194 1680 etiamsi

89 1712 247 1776 domims
261 1711 456 1797 preceperit,
471 1712 514 1776 ad
531 1710 632 1778 fidem
647 1712 794 1777 dandam
808 1733 874 1777 non
890 1713 1096 1780 admittatur.

132 1815 329 1900 Principalis
351 1815 453 1882 etiam
477 1815 694 1882 dominusne
716 1814 778 1880 hec
797 1817 931 1899 impune
954 1819 1278 1905 presumpsissexxtt

88 1918 252 1998 videatur,
273 1940 342 1984 non
364 1919 542 2003 perfidem
565 1918 737 2002 supponite
758 1939 906 2004 persone,
924 1921 982 1987 sed
1004 1923 1111 1988 solum
1133 1945 1193 2008 per
1209 1947 1238 1998 ¹5

87 2024 270 2107 propriam,
286 2022 456 2090 dilationis
471 2021 668 2089 beneficium
685 2023 935 2106 promerebitur,
950 2025 977 2090 si
995 2025 1080 2092 forte
1094 2046 1193 2110 super

87 2129 209 2193 eodem
232 2128 342 2211 ipsum
370 2128 488 2194 iterato
510 2127 712 2192 summoneri
741 2127 925 2212 contigerit.
970 2127 1057 2196 Sunt
1078 2140 1191 2197 tamen

85 2233 143 2316 qui
161 2233 300 2296 credant
314 2240 351 2295 vt
367 2231 411 2296 de
427 2240 538 2296 cetero
552 2248 651 2314 super
670 2230 790 2296 eodem
806 2230 921 2297 debito
941 2253 1001 2299 nec
1016 2233 1116 2299 etiam
1132 2255 1192 2318 per

85 2336 193 2400 fidem
202 2335 372 2421 propriam
383 2354 486 2418 vsque
497 2335 541 2400 ad
553 2333 753 2399 scaccarium
766 2335 986 2401 avicecomite
995 2337 1191 2403 dilationem

84 2439 248 2504 obtineat
303 2437 407 2523 Quod
435 2438 572 2522 quidem
602 2435 801 2502 beneficium
832 2437 1001 2503 dilationis
1031 2460 1189 2525 magnum
1206 2475 1238 2512 ιο

83 2543 213 2623 dicunt,
228 2542 286 2627 qui
308 2539 388 2606 fisco
409 2549 585 2618 tenentur;
607 2550 746 2623 possunt
766 2539 855 2605 enim
875 2541 1006 2607 interim
1028 2544 1071 2608 de
1092 2544 1191 2610 rebus

82 2647 155 2712 suis
173 2645 285 2712 mitius
300 2645 478 2729 disponere
496 2654 531 2714 ¹et
546 2644 649 2710 dilate
660 2664 721 2729 per
734 2644 869 2727 aliquod
883 2655 1017 2730 tempus
1033 2647 1190 2713 solutioni

82 2749 269 2815 necessaria
292 2768 477 2833 preparare.
531 2745 621 2830 Quin
641 2746 753 2832 potius
777 2748 892 2814 dicunt
914 2749 1014 2831 quod,
1035 2761 1191 2834 suscepta

80 2853 353 2932 summonitione,
369 2852 468 2918 liceat
486 2850 672 2916 vicecomiti
694 2849 791 2915 iuxta
813 2871 1024 2918 communem
1046 2853 1188 2920 aliorum

81 2959 194 3040 legem
209 2957 324 3022 statim
339 2957 374 3020 in
388 2953 510 3020 catalla
524 2954 626 3038 ipsius
641 2972 776 3019 manum
795 2955 938 3020 mittere.
983 2955 1057 3038 His,
1073 2958 1187 3040 fateor,
1201 2992 1232 3044 ²5

81 3081 152 3147 ego
166 3080 299 3143 prorsus
317 3080 384 3125 non
402 3058 572 3134 dissentio,
587 3057 614 3122 si
635 3067 748 3123 tamen
767 3057 881 3123 multis
901 3059 1029 3125 indiciis
1045 3072 1079 3127 et
1094 3065 1187 3128 testi-

81 3164 206 3229 moniis
232 3162 409 3229 verisimile
436 3162 588 3228 videatur
613 3179 802 3244 procurasse
828 3163 1000 3227 dominum
1025 3175 1062 3230 vt
1092 3167 1187 3232 miles

79 3289 163 3334 suus
184 3268 236 3332 his
259 3267 389 3332 casibus
411 3275 641 3349 exponeretur,
663 3265 817 3349 quatinus
840 3276 951 3350 posset
973 3267 1044 3352 ipse
1062 3271 1114 3335 vel
1137 3273 1185 3337 sic

78 3371 214 3438 interim
228 3368 370 3435 liberari.
416 3368 526 3433 Huius
544 3377 656 3432 autem
675 3367 721 3432 rei
740 3367 979 3436 validissimum
999 3383 1050 3439 est
1068 3383 1185 3442 contra

77 3476 256 3550 dominum
282 3480 526 3558 argumentum,
551 3471 580 3535 si
606 3471 769 3554 copiosus,
795 3473 823 3538 si
853 3474 951 3540 rebus
976 3473 1182 3557 habundans,
1196 3511 1231 3562 30

76 3579 106 3643 si
139 3577 297 3644 solutioni
330 3575 495 3643 sufficiens
524 3595 545 3639 a
574 3575 769 3640 vicecomite
805 3577 903 3643 simul
934 3589 969 3644 et
1005 3600 1028 3646 a
1062 3581 1184 3647 vicinia

77 3682 257 3748 iudicetur.
694 3669 696 3676 ’

124 3784 322 3868 Discrjoulus.
368 3782 517 3869 Dignum
555 3803 669 3849 revera
704 3793 756 3849 est
783 3795 821 3851 vt
857 3785 885 3850 is
922 3785 1084 3853 indultam
1117 3789 1182 3855 sibi

77 3890 221 3974 gratiam
247 3887 469 3966 demereatur,
491 3887 548 3969 qui
572 3886 605 3951 in
628 3887 754 3952 datoris
776 3887 847 3953 eius
864 3889 1042 3973 perniciem
1064 3893 1180 3956 eadem

98 3993 203 4059 busus
218 4000 279 4056 est.
1194 4010 1210 4060 s

76 4015 98 4060 ²
122 4093 301 4178 Magister,
338 4092 777 4176 Habesexprecodentibus
786 4103 966 4179 utcumque
977 4095 1181 4171 distinctum,
1211 4011 1227 4064 ὅ

113 4229 319 4294 tliben'umR
396 4242 429 4299 17
441 4227 691 4286 summonitioniR
786 4234 821 4289 2⁶
840 4230 876 4302 si]
888 4231 983 4289 setN
1058 4225 1183 4299 et]inR

74 4319 112 4376 33
131 4299 375 4372 Dignumomst
439 4299 534 4357 hisN
597 4301 839 4373 36vt1umqueR

126 4425 245 4458 amoc.
618 4403 646 4454 X
