3096 4832
109 347 185 414 rm
202 343 240 438 n]
455 321 532 416 'mc
556 347 829 418 scnccruuo
1155 369 1197 438 93

108 527 219 602 potest
262 517 362 585 Nunc
385 539 452 603 que
468 527 682 586 sunt'eorum
704 519 776 585 iura
793 518 847 584 vel
868 518 1047 605 dignitates
1069 519 1199 587 ratione

107 622 252 688 sessionis
266 624 310 688 ad
327 623 529 690 scaccarium
545 623 769 690 ostendemus.

144 725 284 810 Oportet
304 737 418 793 autem
433 728 476 794 de
496 736 609 796 cetero
625 736 663 793 vt
683 727 781 793 nobis
798 727 942 812 amplius
956 737 1070 812 parcat
1084 727 1199 814 lingua

106 831 290 896 detractoris
305 841 341 897 et
355 832 439 898 dens
460 832 588 898 emulus
603 854 645 898 ne
664 831 767 900 laniet
782 833 979 899 insultando.
1024 833 1096 900 Vix
1112 836 1198 900 enirn

105 933 143 997 ad
157 934 308 1000 notitiam
324 945 419 1001 tuam
439 937 564 1020 aliquid
584 936 702 1003 horum
720 939 924 1023 pertingeret
938 938 966 1004 si
987 958 1055 1004 non
1069 938 1227 1016 vsitatis5

106 1056 205 1103 rerum
222 1038 404 1120 vocabulis,
423 1049 475 1106 set
493 1041 662 1124 exquisito
683 1041 858 1107 verborum
876 1041 1025 1123 scemati,
1046 1039 1099 1107 vel
1118 1062 1198 1108 con·

105 1139 183 1206 fictis
197 1143 392 1210 nominibus
406 1145 603 1211 duxerimus
617 1145 846 1211 insistendum.

141 1243 336 1329 Disapulus.
381 1245 496 1314 Solam
517 1250 694 1315 verborum
718 1249 902 1316 nouitatem
923 1267 944 1312 a
965 1247 1128 1336 principio
1151 1248 1200 1314 vi·

104 1355 168 1413 tare
184 1351 358 1434 premonui
382 1361 416 1416 et
437 1352 524 1418 circa
548 1354 739 1420 communia
759 1352 992 1420 communibus
1014 1362 1048 1419 et
1069 1352 1199 1418 vsitatis

106 1451 153 1516 vbi
165 1455 275 1522 verbis
290 1454 429 1536 obtinui,
440 1476 483 1520 ne
497 1457 716 1541 disciplinalia
724 1459 912 1523 rudimenta
922 1457 1055 1522 nouitas
1070 1455 1199 1522 insueta
1214 1480 1245 1519 ro

105 1557 253 1624 turbaret
300 1559 359 1626 Sic
381 1559 483 1645 igitur
502 1571 540 1627 vt
559 1561 676 1645 cepisti
697 1571 832 1648 ceptum
851 1560 954 1626 libeat
972 1560 1033 1625 iter
1052 1559 1200 1645 explere.

106 1656 197 1742 Quod
213 1665 240 1728 si
257 1673 293 1730 te
308 1666 356 1731 sic
367 1666 571 1749 gradientem
582 1666 777 1733 detractoris
789 1665 900 1731 emula
914 1685 1008 1730 mens
1019 1661 1072 1729 vel
1086 1661 1200 1748 lingua

105 1767 249 1849 repperit,
272 1766 356 1834 illud
379 1768 531 1836 obtineas
556 1772 601 1836 ab
623 1791 664 1836 eo
685 1778 722 1836 vt
743 1769 801 1853 qui
830 1769 864 1834 in
886 1767 1016 1853 scriptis
1037 1767 1106 1833 suis
1129 1767 1200 1832 sine

105 1881 233 1951 peccato
249 1882 303 1938 est
320 1874 448 1958 primus
463 1875 497 1939 in
511 1883 546 1940 te
561 1874 708 1959 lapidem
724 1875 846 1940 mittat.
1023 1863 1025 1870 ’

141 1975 317 2060 Magusum
361 1977 492 2064 Sponte
519 1999 621 2062 parco
649 1979 833 2044 dummodo
861 1975 919 2042 lex
948 1976 1012 2042 ista
1040 1983 1199 2042 seruetur.
1215 1995 1244 2051 15

106 2079 252 2164 Dignitas
276 2081 491 2147 residentium
513 2082 557 2148 ad
581 2081 783 2148 scaccarium
805 2081 839 2146 in
864 2079 1015 2165 pluribus
1036 2078 1198 2146 consistit.

105 2183 176 2250 Siue
200 2187 291 2250 enim
319 2185 362 2250 de
388 2185 476 2250 clero
498 2187 566 2252 sint
589 2187 660 2250 siue
682 2185 726 2250 de
750 2184 837 2269 regis
858 2184 948 2250 curia
973 2185 1030 2268 qui
1052 2184 1200 2251 assident

30 2279 35 2288 ⁴
105 2307 144 2353 err
158 2291 327 2367 mandato,
341 2290 385 2355 ab
401 2311 440 2354 ea
458 2290 513 2355 die
527 2308 594 2374 qua
608 2290 808 2355 conueniunt
828 2308 933 2372 usque
953 2291 997 2354 ad
1012 2288 1200 2373 generalem

105 2396 316 2460 secessionem
346 2393 390 2458 ad
417 2393 499 2459 alias
524 2391 688 2477 quaslibet
717 2413 834 2460 causas
859 2394 922 2458 sub
947 2393 1200 2477 quibuscunque

104 2491 254 2572 iudicibus
278 2515 349 2561 non
371 2508 558 2573 euocantur,
581 2505 615 2562 et
636 2498 667 2562 si
688 2497 772 2563 iorte
793 2496 901 2563 vocati
923 2496 1044 2562 suerint
1071 2496 1200 2560 ratione
1214 2515 1246 2552 ao

106 2601 227 2683 publice
242 2601 422 2685 potestatis
433 2610 646 2668 excusantur.
691 2600 792 2686 Quod
807 2601 834 2666 si
850 2611 927 2666 sunt
941 2609 1069 2666 actores
1084 2609 1118 2664 et
1133 2617 1200 2662 non

105 2705 146 2768 rei
159 2707 213 2790 qui
228 2704 382 2771 assident
400 2713 435 2770 et
453 2703 536 2770 alias
549 2706 675 2772 habent
691 2707 775 2784 lites,
796 2707 830 2770 in
846 2725 960 2770 eorum
981 2703 1044 2769 erit
1064 2701 1200 2767 arbitrio

105 2808 151 2872 vel
161 2809 306 2894 experiri
318 2829 377 2892 per
387 2820 633 2893 procuratorem
642 2809 697 2876 vel
705 2811 830 2894 absque
840 2809 931 2874 omni
940 2807 1141 2873 detrimento
1151 2804 1203 2869 sui

105 2910 174 2978 iuris
187 2914 280 2979 diem
295 2933 485 2998 prorogare.
530 2911 568 2979 Si
590 2934 669 2980 vero
686 2913 789 2980 iudex
807 2913 871 2977 sub
890 2931 957 2997 quo
977 2909 1119 2994 litigant,
1132 2908 1204 2975 siue

107 3016 148 3081 sit
163 3017 408 3085 ecclesiasticus
428 3017 501 3082 siue
521 3017 668 3094 sorensis,
684 3016 767 3102 legis
788 3016 885 3082 huius
906 3016 1049 3098 ignarus,
1068 3014 1113 3078 ab
1134 3013 1201 3077 iam
1215 3008 1246 3093 2'5

105 3121 188 3187 dicta
209 3124 265 3189 die
292 3122 539 3188 conuocationis
561 3123 605 3186 ad
627 3121 827 3188 scaccarium
849 3120 999 3185 citauerit
1020 3117 1236 3202 quemlibetls

104 3245 221 3304 eorum,
235 3236 271 3292 et
287 3225 459 3291 absentem
471 3225 556 3291 iorte
571 3245 632 3309 per
642 3225 842 3290 sententiam
857 3222 1064 3308 possessione
1074 3242 1135 3287 sua
1148 3220 1203 3287 vel

104 3331 213 3412 quouis
235 3331 311 3395 iure
330 3329 528 3413 spoliauerit,
543 3329 741 3395 auctoritate
759 3328 916 3413 principis
939 3337 973 3392 et
992 3325 1121 3391 ratione
1134 3345 1202 3390 ses·

104 3435 197 3500 sionis
212 3434 428 3499 reuocabitur
448 3434 482 3498 in
504 3453 581 3498 eum
601 3443 726 3498 statum
749 3452 849 3497 causa
868 3432 971 3517 ipsius
992 3431 1026 3494 in
1045 3451 1113 3515 quo
1131 3439 1203 3496 erat

104 3548 174 3603 ante
185 3539 391 3605 citationem.
437 3535 498 3603 Set
513 3537 615 3602 iudex
627 3546 763 3621 propter
778 3535 842 3600 hoc
854 3535 961 3620 puniri
975 3555 1044 3601 non
1059 3535 1179 3600 meruit
1193 3553 1202 3614 ;
1215 3565 1248 3617 30

103 3643 186 3724 quod
213 3642 307 3708 enim
334 3642 385 3706 sui
412 3641 511 3707 officii
535 3649 588 3706 est
613 3650 774 3707 executus
797 3649 857 3717 est,
882 3640 959 3705 licet
981 3660 1042 3724 pro
1067 3639 1203 3724 publica

103 3754 265 3827 potestate
291 3763 360 3810 non
383 3755 609 3828 consequatur
630 3743 795 3811 eflectum.
841 3743 943 3827 Quod
963 3745 991 3807 si
1013 3743 1059 3808 sic
1081 3743 1203 3809 citatus

105 3847 196 3915 luerit
209 3861 248 3916 vt
257 3847 370 3916 fatalis
379 3848 462 3928 dies,
475 3847 549 3932 lege
561 3849 809 3928 determinatus,
819 3849 883 3913 sibi
894 3847 1104 3927 constitutus,
1113 3845 1202 3911 diem

103 3953 349 4020 conuocationis
370 3952 415 4018 ad
435 3954 635 4018 scaccarium
656 3950 837 4038 preueniat‚
852 3971 919 4016 non
939 3950 1060 4034 poterit
1082 3969 1119 4014 se
1141 3967 1203 4030 per

105 4055 182 4123 illud
202 4077 375 4135 excusare,
397 4056 450 4121 vel
471 4056 590 4123 iudicis
617 4057 815 4123 sententiam
840 4053 1013 4132 declinare,
1033 4052 1086 4117 vel
1110 4051 1144 4115 in
1166 4069 1202 4115 se
1216 4079 1248 4130 55

136 4208 152 4262 3
168 4203 198 4249 vt
210 4211 267 4248 om.
279 4193 340 4248 NR
442 4193 460 4250 6
477 4194 560 4249 rebus
573 4192 599 4248 C
708 4191 843 4250 coniectis
855 4191 892 4246 N
988 4203 1006 4260 9
1022 4185 1063 4257 et]
1076 4185 1163 4242 etiam
1174 4185 1203 4240 R

106 4274 137 4331 13
154 4264 348 4336 reppereritR
448 4279 482 4334 23
500 4281 551 4336 per
567 4280 621 4320 om.
631 4262 682 4320 CR
777 4277 812 4331 24
829 4275 979 4335 prorogare
990 4259 1118 4315 Madox:
1139 4271 1202 4340 pre·

104 4349 198 4402 1⁰3²st
211 4335 295 4391 CNR
383 4349 533 4406 prerogare
544 4334 620 4392 diem
633 4335 659 4392 C
733 4346 767 4404 27
786 4331 896 4388 illorum
911 4333 935 4387 C
1009 4341 1043 4399 31
1057 4331 1203 4399 posterius

103 4405 258 4461 simtu
338 4416 371 4476 35
391 4405 572 4462 declarareR

1210 702 1271 762 vlll

1211 785 1236 834 A
