3096 4832
101 301 255 409 nnvn]
468 303 536 386 ‘ne
561 260 834 390 scaccnruo
1136 323 1199 408 r47

100 511 160 575 que
177 491 269 559 licite
283 491 474 558 venduntur
492 500 569 558 sunt
588 510 703 560 eorum
723 493 860 562 mobilia
876 515 915 562 ac
934 495 1007 563 sese
1021 497 1202 564 mouentia.

101 593 218 678 Qualia
239 605 319 661 sunt
341 616 468 675 aurum,
488 606 663 680 argentum
686 606 720 663 et
747 617 792 662 ex
815 597 878 662 hiis
898 619 979 664 vasa
1004 601 1198 686 composita,

100 699 224 783 lapides
242 719 377 784 quoque
396 699 530 784 pretiosi
550 709 584 765 et
604 701 784 766 mutatoria
796 701 1068 788 vestimentorum
1086 713 1120 768 et
1136 704 1200 769 hiis

99 803 225 870 similia
271 803 359 869 Item
374 824 535 888 equorum
549 814 725 888 vtrumque
742 825 856 888 genus
870 805 1001 871 vsuales
1020 807 1146 873 scilicet
1166 819 1200 874 et

99 907 260 988 indomiti,
273 917 425 973 armenta
439 927 574 992 quoque
595 909 698 974 boum
718 928 758 973 ac
777 928 896 994 greges
914 910 1027 973 ouium
1042 919 1076 976 et
1090 897 1227 977 ceteras

98 1009 307 1092 huiusmodi;
336 1009 467 1097 frugum
494 1012 595 1076 etiam
621 1020 655 1078 et
680 1014 888 1095 quorundam
910 1011 1102 1077 victualium
1129 1032 1199 1077 rno-

98 1115 169 1180 bilis
195 1124 249 1181 est
274 1126 402 1194 natura,
427 1125 463 1180 vt
487 1115 613 1182 scilicet
637 1116 741 1182 libere
764 1116 864 1182 vendi
888 1117 1027 1200 possint,
1050 1117 1201 1184 deductis

98 1219 287 1286 necessariis
306 1219 494 1303 sumptibus
514 1219 672 1284 debitoris
688 1221 732 1286 ad
750 1219 821 1287 sola
837 1220 1002 1296 victualia,
1017 1218 1080 1284 hoc
1098 1230 1150 1284 est
1164 1229 1201 1285 vt

97 1323 283 1390 necessitati
303 1343 370 1390 non
385 1322 613 1410 superfluitati,
629 1335 664 1392 et
684 1326 765 1392 item
782 1335 820 1390 vt
839 1335 957 1390 nature
976 1325 1115 1392 satisfiat
1134 1347 1199 1391 non

96 1427 228 1510 crapule
246 1447 255 1507 ;
272 1447 334 1492 nec
353 1425 415 1492 soli
431 1427 573 1494 debitori
589 1431 649 1495 sed
663 1429 760 1495 vxori
776 1430 847 1494 eius
867 1439 903 1494 ot
917 1428 993 1494 filiis
1008 1449 1048 1494 ac
1065 1427 1198 1505 familie,
1215 1443 1245 1480 10

98 1551 193 1614 quam
218 1531 311 1615 prius
337 1530 534 1597 exhibuerat
559 1532 638 1598 duur
664 1533 729 1599 sibi
753 1533 888 1612 uiueret,
912 1532 989 1599 hinc
1017 1533 1200 1600 necessaria

98 1635 332 1700 ministrantur.

136 1737 334 1822 Discipulus.
381 1737 494 1822 Quare
509 1738 592 1804 dicis
607 1741 841 1823 quorundam?
1212 1735 1234 1784 Β

137 1841 313 1927 Magister.
357 1841 532 1917 Victualia,
555 1863 620 1926 qne
646 1842 689 1909 ab
715 1843 762 1909 eis
787 1843 963 1911 cotidianis
987 1843 1099 1910 vsibus
1126 1860 1199 1928 pre·

98 1955 254 2030 parantur
275 1954 310 2011 et
331 1967 397 2031 que
418 1944 488 2010 sine
512 1945 564 2011 sui
587 1947 770 2012 mutatione
794 1947 905 2014 esibus
930 1949 1199 2026 accomodantur,
1214 1967 1244 2018 15

97 2049 206 2132 qualia
231 2057 307 2115 sunt
337 2049 431 2132 panis
460 2057 495 2115 et
520 2059 628 2134 potus,
655 2049 747 2116 nulla
772 2051 900 2131 ratione
925 2052 1023 2117 vendi
1050 2061 1199 2137 possunt.

97 2152 294 2220 lsrctualium
315 2152 417 2239 igitur
435 2174 475 2218 ea
495 2154 683 2233 dumtaxat,
698 2173 763 2237 que
782 2162 893 2238 preter
907 2175 984 2219 vsus
1000 2154 1198 2222 necessarios

98 2257 139 2322 ab
153 2258 232 2342 ipsis
247 2257 392 2323 dominis
407 2259 604 2324 reseruanda
618 2258 755 2337 fuerant,
764 2267 808 2324 vt
823 2258 953 2324 venalia
967 2257 1094 2340 fierent,
1107 2259 1198 2324 licite

97 2363 290 2441 venduntur,
305 2360 415 2445 qualia
429 2371 506 2426 sunt
521 2381 635 2426 carnes
649 2359 718 2426 sale
732 2361 875 2444 condite,
890 2362 984 2437 casei,
1002 2362 1109 2442 mella,
1120 2363 1199 2427 vina

98 2474 132 2530 et
151 2465 213 2530 hiis
233 2463 364 2530 similia.
410 2464 457 2531 Et
477 2473 557 2530 nota
576 2465 676 2550 quod,
689 2463 717 2528 si
735 2464 869 2529 debitor
887 2464 942 2529 ille
960 2465 1018 2548 qui
1036 2464 1197 2530 soluendo
1211 2455 1242 2523 πό

97 2587 163 2632 non
179 2578 236 2648 eet,
252 2567 370 2644 militie
389 2566 560 2652 cingulum
581 2567 687 2634 semel·
706 2567 893 2651 optinuerit,
911 2567 1052 2634 venditis
1074 2566 1198 2651 ceteris,

98 2691 198 2754 equus
222 2683 336 2738 tamen
362 2671 403 2753 ei,
426 2690 492 2736 non
518 2669 657 2756 quilibet
678 2680 729 2737 set
750 2689 834 2735 vnus
855 2669 1029 2750 usualium,
1052 2690 1197 2738 reserua-

98 2775 191 2852 bitur,
220 2796 274 2858 ne,
294 2777 351 2860 qui
380 2774 543 2860 dignitate
576 2772 682 2840 iactus
711 2783 762 2840 est
791 2793 901 2858 eques,
923 2776 1029 2860 pedes
1061 2786 1198 2860 cogatur

98 2877 253 2946 incedere
297 2878 448 2963 Quodsi
472 2878 567 2945 miles
587 2878 749 2944 eiusmodi
772 2876 868 2944 suerit

182 2990 302 3068 ‘quem
317 2983 409 3049 iuuet
427 3001 593 3048 armorum
607 2982 709 3048 decor
726 2990 761 3047 et
776 2987 869 3049 iuuet
883 3001 961 3048 vsus
975 2978 1109 3060 eorum,'
1211 3003 1241 3055 ²5

98 3087 209 3171 etqui,
224 3087 348 3152 meritis
363 3085 582 3170 exigentibus,
597 3083 717 3150 debeat
733 3085 818 3151 inter
834 3095 983 3151 strenuos
1003 3084 1195 3170 computari,

98 3198 169 3254 tota
196 3191 245 3255 sui
274 3189 421 3276 corporis
449 3197 616 3254 armatura
644 3209 720 3256 cum
750 3187 840 3274 equis
868 3192 913 3256 ad
943 3188 977 3253 id
1007 3188 1197 3254 necessariis

99 3311 121 3356 a
132 3294 353 3360 venditoribus
373 3293 434 3359 erit
454 3291 629 3370 liberrima,
643 3301 690 3368 vt,
705 3311 780 3358 cum
796 3293 988 3376 oportuerit,
1002 3294 1045 3360 ad
1061 3296 1147 3382 regis
1162 3305 1197 3362 et

99 3398 188 3482 regni
202 3399 336 3483 negotia
350 3395 450 3463 armis
465 3405 499 3461 et
513 3394 606 3479 equis
621 3394 798 3462 instructus
814 3396 918 3481 possit
932 3396 1064 3462 assumi.

222 3499 282 3566 ‘Si
298 3510 411 3568 tamen
427 3499 481 3567 bic
496 3499 585 3566 idem
600 3500 654 3565 cui
668 3499 726 3564 lex
741 3501 775 3566 in
789 3509 884 3586 parte
897 3500 1064 3588 pepercit'
1209 3523 1243 3574 so

98 3603 208 3672 audita
236 3605 434 3670 necessitate
464 3603 551 3688 regis
579 3603 633 3669 vel
662 3605 764 3688 regni,
790 3603 985 3670 delitescens
1013 3625 1050 3670 se
1078 3605 1196 3672 absen-

99 3709 221 3790 tauerit,
240 3708 295 3774 vel
317 3710 361 3774 ad
381 3707 446 3772 hoc
463 3713 599 3773 vocatus
621 3725 688 3771 non
708 3707 843 3790 venerit,
864 3708 911 3772 sic
934 3716 1046 3773 tamen
1069 3716 1107 3773 vt
1129 3728 1198 3774 non

98 3813 232 3894 propriis
246 3813 306 3878 sed
320 3811 419 3896 regiis
438 3809 612 3894 stipendiis
633 3807 761 3890 militet,
777 3820 811 3876 et
828 3811 999 3877 euidenter
1011 3811 1197 3876 absentiam

98 3931 188 3978 suam
209 3935 277 3982 non
298 3914 514 3990 excusauerit,
531 3931 593 3979 nec
614 3913 659 3978 ab
679 3911 745 3978 biis
761 3914 948 3980 venditores
963 3913 1199 3997 temperabunt

99 4023 149 4082 set
177 4017 246 4086 solo
274 4026 451 4102 contentus
479 4037 566 4103 equo
597 4027 732 4102 propter
761 4016 879 4085 militie
907 4017 1106 4101 dignitatem
1135 4012 1198 4077 sibi
1211 4033 1242 4082 rs

135 4267 315 4328 altilemR
386 4268 509 4339 7libere
518 4269 608 4325 om.C
659 4283 693 4326 ro
706 4266 772 4339 soli]
783 4267 902 4325 enimc
944 4262 1201 4342 r4VictualibusC

102 4339 379 4415 rttuennthnnrc
443 4354 477 4397 aa
496 4339 709 4413 vnuszsusN
768 4353 802 4410 32
809 4339 956 4411 posterius
966 4352 1024 4394 non
1035 4333 1130 4392 mli
