3096 4832
147 276 292 374 xnus]
521 285 589 353 DE
612 283 887 354 scaccnmo
1209 307 1253 378 95

145 470 278 520 cassum
293 455 421 540 puniet,
436 476 478 523 ne
496 459 554 541 qui
572 467 711 543 presunt
730 455 804 524 aliis
822 456 906 524 ferre
924 459 1101 526 videantur
1116 461 1251 546 impune

145 561 240 640 quod
252 561 436 628 decernunt
451 562 486 626 in
501 559 575 626 aliis
591 561 808 645 puniendum.

187 661 390 747 Discr'pulus.
436 665 493 730 Ex
515 665 578 732 hiis
600 664 810 746 manifestum
831 667 996 751 estquod
1019 665 1180 735 Salomon
1201 670 1249 738 ait

145 764 262 832 ‘Mors
276 777 310 834 et
324 769 394 834 vita
409 768 443 833 in
458 769 612 835 manibus
631 765 762 853 lingue'
776 780 812 835 et
829 770 910 837 item
923 769 1079 854 Jacobus,
1095 772 1248 859 ‘Lingua

144 869 318 936 modicum
334 871 523 938 membrum
541 880 642 939 estet
656 893 779 956 magna
793 872 944 940 exaltat!
1266 906 1281 958 5

189 973 368 1058 Magum.
414 975 470 1042 Sic
503 986 564 1052 est,
592 987 644 1044 set
674 997 912 1062 prosequamur
946 979 989 1045 de
1019 979 1251 1064 dignitatibus.
1266 991 1293 1041 D

144 1076 250 1143 Fiunt
270 1080 437 1144 interdum
457 1100 518 1165 per
537 1080 719 1146 comitatus
739 1100 933 1147 communes
955 1081 1059 1148 assise
1081 1105 1101 1148 a
1120 1083 1251 1149 iustitiis

143 1181 344 1261 errantibus,
352 1202 436 1265 quos
447 1203 508 1248 nos
519 1182 800 1248 deambulatorios
809 1184 861 1249 vel
872 1182 1109 1268 perlustrantes
1121 1184 1251 1252 iudices

143 1285 369 1363 nominamus,
397 1305 463 1370 que
492 1285 569 1352 ideo
596 1286 751 1352 dicuntur
778 1307 972 1353 communes
1000 1287 1087 1372 quia,
1117 1288 1250 1372 cognita

141 1409 281 1454 summa
298 1408 364 1472 que
377 1389 422 1454 de
436 1389 594 1456 comitatu
615 1390 798 1475 requiritur,
812 1390 1034 1457 communiter
1047 1391 1091 1456 ab
1110 1391 1173 1456 hiis
1188 1393 1246 1477 qui
1266 1419 1297 1460 10

143 1493 180 1558 in
199 1493 361 1559 comitatu
381 1491 502 1559 fundos
515 1493 640 1560 habent
662 1514 721 1580 per
740 1494 837 1561 hidas
854 1494 1069 1574 distribuitur,
1090 1503 1126 1560 vt
1146 1495 1248 1561 nichil

143 1597 236 1663 desit
256 1598 301 1662 de
322 1596 380 1662 illa
401 1617 477 1664 cum
499 1605 637 1663 ventum
658 1597 755 1663 luerit
776 1599 820 1664 ad
842 1599 1042 1664 scaccarium
1063 1597 1249 1664 solutionis.

139 1699 208 1766 Ab
221 1701 285 1766 hiis
299 1702 454 1767 omnibus
471 1721 588 1768 omnes
607 1701 652 1766 hii
670 1703 728 1786 qui
748 1703 791 1768 ad
810 1702 1012 1768 scaccarium
1032 1723 1077 1767 ex
1091 1703 1250 1789 principis

141 1805 309 1871 mandato
337 1805 482 1871 resident
506 1804 662 1872 liberrimi
694 1817 781 1886 sunt,
809 1807 897 1872 adeo
925 1817 962 1872 vt
990 1825 1057 1871 non
1087 1807 1196 1873 solum
1225 1827 1248 1874 a
1306 1790 1308 1798 ¹

140 1909 304 1974 dominiis
317 1909 386 1974 suis
400 1910 460 1974 sed
475 1909 575 1976 etiarn
590 1911 635 1976 ab
646 1912 802 1977 omnibus
813 1909 919 1976 leodis
929 1910 998 1976 suis
1014 1909 1114 1976 nichil
1129 1909 1248 1977 horum
1265 1943 1295 1996 ¹5

141 2011 311 2097 exigatur.
365 2012 403 2081 Si
424 2033 503 2080 vero
524 2013 583 2098 qui
608 2014 730 2082 residet
751 2013 799 2080 ibi
820 2013 960 2080 fundum
982 2014 1115 2098 habeat,
1129 2013 1182 2082 vel
1202 2015 1248 2081 ad

143 2114 279 2182 firmam
296 2117 349 2184 vel
368 2118 402 2184 in
422 2118 607 2186 custodiam
627 2118 679 2184 vel
695 2118 797 2185 etiam
816 2120 860 2185 ad
878 2118 999 2203 pignus
1017 2139 1080 2204 pro
1096 2119 1248 2204 pecunia,

142 2221 233 2286 liber
247 2242 314 2288 non
334 2221 402 2302 erit,
417 2223 475 2288 sed
497 2221 603 2307 magis
623 2222 667 2287 de
686 2221 749 2288 hiis
767 2221 898 2308 legibus
920 2222 1060 2307 publicis
1079 2223 1249 2290 obnoxius

143 2323 217 2391 fier.
260 2323 419 2410 Amplius
439 2337 553 2392 autem
567 2336 678 2411 preter
694 2325 755 2392 has
770 2327 852 2393 liber
869 2327 932 2394 erit
949 2327 992 2393 ad
1008 2328 1206 2395 scaccarium
1227 2349 1248 2394 a

145 2429 301 2510 murdris,
314 2431 473 2514 scutagiis
487 2439 522 2494 et
536 2451 557 2496 a
574 2430 775 2514 denegeldis.
821 2429 922 2515 Quod
942 2440 1054 2498 autem
1073 2431 1117 2496 ad
1139 2431 1249 2516 ipsum
1264 2463 1296 2500 πο

144 2533 291 2618 pertinet
304 2555 326 2600 a
339 2553 470 2600 summa
485 2534 666 2600 constituta
679 2534 811 2600 decidet
824 2545 858 2601 et
872 2535 1057 2601 vicecomiti
1072 2545 1248 2618 computa·

143 2638 240 2704 bitur
254 2658 315 2722 per
328 2638 389 2704 hec
404 2631 514 2716 verba,
528 2643 537 2674 ‘
549 2638 589 2704 In
604 2638 760 2722 perdonis
775 2658 836 2722 per
850 2637 952 2704 breue
968 2637 1053 2721 regis
1069 2636 1117 2701 illi
1131 2636 1184 2702 vel
1199 2637 1248 2702 illi

142 2741 212 2808 hoc
236 2741 291 2808 vel
313 2739 413 2822 illud,'
428 2761 506 2809 cum
528 2751 641 2808 tamen
663 2742 791 2808 nullum
820 2761 919 2826 super
944 2741 1008 2806 hoc
1034 2742 1136 2806 breue
1162 2741 1247 2825 regis

143 2845 307 2912 babuerit
353 2845 480 2912 Caueat
494 2855 607 2912 autem
622 2847 676 2911 cui
691 2845 868 2911 dimittitur
881 2844 1006 2929 aliquid
1018 2865 1038 2910 a
1048 2844 1195 2928 principe
1204 2864 1248 2910 ne

144 2959 267 3036 postea
277 2949 341 3016 sibi
352 2950 526 3016 dimissum
537 2951 710 3033 requirata
722 2948 873 3028 subditis,
884 2959 934 3016 set
947 2949 1053 3034 magis
1066 2969 1193 3014 memor
1203 2952 1247 3016 sit
1262 2981 1294 3032 ²⁵

144 3053 240 3119 verbi
262 3052 351 3119 illius
365 3053 542 3120 ‘dimittite
561 3063 596 3120 et
618 3049 853 3134 dimittemini,'
871 3054 950 3136 quia
969 3073 1045 3119 curn
1067 3052 1131 3119 hoc
1147 3051 1248 3122 luerit

143 3157 401 3242 deprehensum,
416 3157 578 3242 princeps,
603 3157 794 3242 euangelice
817 3156 981 3224 emulator
1003 3158 1163 3236 doctrine,
1187 3179 1248 3226 nec

145 3261 296 3327 dimittet
312 3281 399 3338 eum,
409 3281 470 3327 nec
481 3261 632 3328 debitum
650 3262 797 3328 dimittet
811 3262 852 3336 ei,
863 3271 915 3328 set
929 3259 1068 3328 forsitan
1084 3263 1117 3326 in
1129 3273 1247 3328 centu·

143 3365 241 3450 plum
265 3365 390 3449 puniet,
412 3365 491 3450 quia
511 3365 661 3451 impensa
683 3365 747 3430 sibi
769 3365 878 3449 gratia
897 3365 1031 3431 videtur
1052 3366 1146 3433 abuti
1169 3381 1283 3432 cums.

142 3471 191 3537 ab
205 3469 279 3535 aliis
293 3469 507 3536 irreuerenter
522 3469 628 3554 exigit
642 3470 734 3554 quod
749 3469 851 3556 gratis
866 3469 929 3536 sibi
944 3469 1116 3536 dimissum
1132 3480 1194 3538 est.
1261 3491 1295 3542 30

188 3573 387 3657 Discipulus.
431 3573 571 3639 Dictum
586 3581 646 3652 est,
657 3573 685 3637 si
700 3572 786 3639 bene
797 3574 943 3652 memini,
954 3574 1047 3657 quod
1056 3574 1248 3657 quicunque

143 3677 234 3761 regis
261 3684 422 3762 precepto
450 3676 572 3743 residet
600 3676 644 3742 ad
674 3676 872 3743 scaccarium
898 3697 920 3742 a
948 3676 1147 3762 quibusdam
1174 3676 1248 3761 lege

143 3781 376 3848 determinatis
391 3779 518 3846 ratione
529 3779 684 3846 sessionis
695 3779 776 3846 liber
787 3791 848 3847 est.
892 3781 1060 3846 Additum
1073 3789 1124 3846 est
1135 3780 1249 3858 etiarn,

142 3885 172 3950 si
188 3885 274 3951 bene
289 3883 410 3964 recolo,
425 3884 598 3952 considere
612 3884 812 3950 scaccarium
824 3885 857 3949 in
872 3883 1016 3950 termino
1032 3883 1168 3960 Pasche,
1179 3902 1245 3948 uon

144 3999 260 4056 tamen
289 4008 357 4072 que
385 3987 452 4054 illic
482 3986 566 4055 fiunt
587 3989 724 4054 omnino
745 3986 925 4064 terminari,
950 3996 1003 4053 set
1027 4007 1142 4053 eorum
1166 4004 1245 4050 con·
1260 3999 1291 4048 as

179 4189 427 4248 dsicestmR
498 4201 515 4258 7
522 4191 590 4260 post
608 4189 769 4244 Fiuntadd
781 4188 916 4245 tamenC
995 4201 1077 4255 10,11
1096 4181 1245 4254 requiritur

141 4260 333 4320 ...comitatu
345 4277 397 4316 orn.
410 4261 438 4316 R
553 4273 587 4329 2³
606 4276 689 4332 super
701 4260 757 4316 boc
768 4259 914 4314 nullumC
1025 4271 1059 4324 27
1072 4251 1136 4324 nee]
1149 4252 1246 4308 nonR

142 4331 288 4406 35qu
366 4327 1125 4397 aereorumcon...rerminosanctill...cmarg.
