3096 4832
104 303 273 408 nxxvis]
450 317 517 385 DE
540 315 814 386 SCACCARIO
1128 322 1192 402 '157

104 491 186 574 regiis
205 487 325 556 debitis
345 479 616 554 summonitiones
634 486 728 569 liunt,
743 486 839 552 'adest
859 485 996 554 clericus
1016 489 1128 574 regine
1148 491 1191 556 ad

103 592 156 658 hec
174 595 372 660 constitutus
394 601 430 657 et
450 591 545 657 addit
567 590 600 655 ln
622 590 889 671 summonitione,
907 592 969 657 ‘de
990 592 1048 659 illo
1068 594 1194 661 habeas

103 705 221 762 centum
246 716 380 762 marcas
404 715 467 780 pro
492 713 592 760 causa
613 691 688 772 illa,’
711 699 762 759 ‘et
784 694 828 759 ad
850 715 934 778 opus
957 698 1070 781 regine
1083 719 1191 764 ,vnam

103 820 232 866 maroam
259 795 351 865 auri!
397 798 607 864 Summouita
628 807 741 864 autem
766 799 811 863 ad
834 799 1033 865 scaccarium
1057 801 1100 866 ab
1122 803 1192 869 eius

101 901 285 969 officialibus
307 902 351 985 ad
372 901 435 969 hec
461 902 649 969 constitutis
674 922 821 968 seorsum
847 903 1077 986 suscipiuntur.
1121 906 1221 984 No·5

101 1007 174 1072 ueris
188 1011 292 1075 etiam
308 1007 408 1092 quod,
423 1007 501 1072 licet
515 1011 576 1072 ¹rex
592 1007 635 1072 de
649 1007 811 1092 promissa
826 1007 889 1074 sibi
903 1027 1034 1073 summa
1048 1009 1192 1074 mediam

99 1120 217 1193 partem
240 1112 402 1179 dimiserit
424 1111 477 1177 vel
494 1111 683 1178 uniuersum
698 1110 873 1178 ueletiam
895 1130 1104 1177 summonere
1126 1113 1192 1178 dis-

99 1214 205 1293 tulerit,
226 1217 273 1282 de
292 1215 344 1282 his
365 1225 488 1292 tamem
503 1236 569 1301 que
588 1217 632 1281 ad
651 1216 799 1301 reginam
821 1217 996 1301 pertinent,
1011 1217 1193 1282 secundum
1274 1231 1278 1242 '

99 1321 178 1403 quod
204 1321 269 1386 sibi
299 1321 407 1386 visum
436 1321 544 1398 suerit,
573 1341 634 1405 per
662 1322 776 1388 omnia
804 1318 873 1401 fiet,
902 1331 949 1398 vt,
979 1341 1019 1386 ea
1049 1320 1192 1398 uolente,

98 1443 195 1508 neque
224 1425 439 1490 dimittantur
469 1443 578 1513 neque
609 1423 805 1490 differantur
832 1443 901 1509 que
925 1423 989 1489 sibi
1019 1423 1193 1505 debentur,
1208 1449 1239 1510 ro

98 1539 141 1594 set
160 1530 367 1596 summonita
387 1530 560 1596 soluantur
580 1539 616 1596 et
637 1549 704 1596 non
727 1529 896 1598 soluentes
918 1525 1077 1613 predicto
1091 1530 1192 1594 modo

98 1629 333 1700 coherceantur.

133 1733 328 1822 Dr'snjoulus.
371 1735 546 1822 Numquid
577 1738 620 1803 de
648 1736 818 1820 promissis
848 1735 917 1821 regi
946 1734 1029 1802 citra
1057 1745 1193 1801 centum

97 1857 215 1906 marcas
230 1839 358 1924 aliquid
375 1841 488 1926 regine
502 1841 664 1907 debetur?

132 1941 308 2026 Magister.
353 1941 564 2028 Quibusdam
586 1944 635 2012 sie
657 1944 798 2022 videtur,
820 1952 857 2011 vt
878 1963 982 2029 vsque
1007 1944 1051 2010 ad
1076 1943 1192 2010 decem
1207 1959 1238 2012 ¹⁵

97 2061 215 2113 marcas
232 2055 396 2129 teneatur,
409 2056 447 2113 vt
468 2047 591 2114 seilicet
608 2048 647 2129 is,
661 2048 718 2131 qui
733 2048 849 2114 decem
867 2047 936 2132 regi
950 2048 1145 2131 promiserit,
1160 2047 1192 2113 in
1206 2060 1228 2114 Β

96 2165 153 2214 vna
164 2151 262 2217 uncia
279 2149 350 2214 auri
366 2143 479 2236 regine
493 2161 663 2218 teneatur:
684 2150 767 2228 aliis,
782 2170 857 2231 non,
872 2149 935 2216 nisi
950 2151 993 2218 de
1009 2161 1143 2217 centum
1158 2159 1192 2216 et

95 2269 186 2337 supra
208 2253 255 2321 ab
278 2253 374 2320 initio
396 2254 574 2339 promissis.
619 2255 675 2322 De
699 2253 751 2320 his
773 2254 874 2339 igitur
894 2255 938 2318 ad
960 2275 1094 2340 presens
1116 2275 1192 2322 cum

97 2359 253 2424 modestia
261 2359 396 2438 sustine,
404 2359 492 2442 quia,
502 2379 538 2424 re.
549 2358 697 2425 nondum
709 2357 892 2434 terminata,
903 2376 1063 2441 suspensa
1072 2358 1193 2424 solutio

95 2469 151 2526 est.
185 2461 316 2547 Litigat
331 2481 412 2528 sane
426 2463 469 2527 de
479 2461 529 2526 his
541 2482 618 2548 pars
633 2463 745 2545 regine
758 2481 836 2526 cum
848 2461 1051 2528 debitoribus
1066 2469 1101 2528 et
1115 2462 1192 2530 ‘ad·
1206 2493 1238 2530 ιο

95 2559 152 2630 buc
170 2566 235 2631 sub
255 2565 363 2631 iudice
383 2565 423 2631 lis
445 2561 516 2634 est!
562 2566 617 2632 De
637 2564 859 2632 misericordia
874 2573 988 2630 autem
1011 2565 1192 2631 Iudeorum

96 2669 185 2734 etde
210 2669 442 2753 redemptione
466 2669 731 2748 monetariorum,
750 2669 836 2735 sicut
858 2668 902 2734 de
926 2678 1047 2754 sponte
1071 2669 1193 2736 oblatis

95 2772 211 2840 dictum
226 2783 287 2855 est,
303 2793 365 2839 sua
382 2774 495 2858 portio
515 2773 697 2840 secundum
717 2759 858 2840 sormam
876 2773 1058 2856 predictam
1079 2774 1193 2858 regine

94 2875 234 2944 debetnr.
1189 2907 1192 2912 ·

131 2980 326 3066 Discipulus.
370 2981 544 3066 Numquid
573 2977 607 3046 ln
632 2977 771 3066 (penis)
797 2979 994 3063 pecuniariis
1017 2990 1052 3047 et
1073 2990 1193 3066 sponte
1207 3019 1238 3071 ²5

94 3081 207 3150 oblatis
222 3084 360 3151 clericos
374 3095 408 3151 et
423 3084 525 3151 laicos
541 3085 611 3150 sine
626 3083 810 3150 differentia
825 3082 883 3148 lex
896 3104 964 3150 vna
976 3084 1152 3152 cohercet?

131 3188 306 3276 Magr‘ster.
352 3191 392 3257 In
407 3201 528 3275 sponte
541 3190 664 3257 oblatis
679 3189 770 3274 apud
789 3208 908 3256 omnes
926 3190 984 3256 lex
998 3211 1065 3258 vna
1081 3211 1192 3260 serua-

93 3295 142 3354 tur
154 3303 201 3374 vt,
215 3292 287 3360 siue
305 3293 443 3360 clericus
460 3294 503 3359 sit
522 3294 595 3359 siue
614 3293 725 3374 laicus,
740 3291 798 3375 qui
813 3293 975 3361 soluendo
995 3315 1061 3362 uon
1083 3293 1192 3378 luerit,
1224 3379 1226 3384 ι

93 3391 192 3464 donec
206 3397 404 3464 satisfecerit
418 3406 529 3464 careat
544 3397 731 3480 impetrato.
768 3395 973 3464 Obseruatur
984 3398 1085 3466 etiam
1101 3401 1191 3467 idem

93 3494 294 3566 inomnibus
315 3501 388 3565 aliis
410 3521 476 3584 que
497 3502 618 3586 quouis
637 3508 737 3584 pacto
757 3499 826 3585 regi
843 3503 1005 3568 debeatur
1019 3523 1040 3567 a
1054 3502 1192 3586 clericis,
1206 3530 1239 3583 30

93 3618 162 3666 cum
177 3605 305 3669 scilicet
319 3625 380 3670 sue
394 3603 566 3688 dignitatis
580 3614 614 3669 et
628 3601 730 3670 libere
745 3605 960 3689 possessionis
982 3605 1192 3691 priuilegium

93 3703 230 3791 allegare
258 3707 473 3792 neglexerint
529 3709 584 3776 De
613 3706 835 3791 allegantibus
867 3717 980 3774 autem
1009 3709 1089 3793 quid
1119 3711 1192 3782 fieri

92 3807 218 3890 debeat,
245 3832 267 3876 a
291 3811 441 3877 discretis
469 3819 504 3878 et
532 3815 634 3880 deum
659 3812 855 3879 timentibus
882 3811 984 3890 laicis,
1012 3813 1041 3876 si
1070 3813 1193 3896 placet,

92 3915 215 3982 rescito.
261 3913 325 3980 His
348 3918 438 3982 enim
458 3917 503 3981 ad
524 3937 660 4002 presens
683 3937 728 3983 ex
751 3916 912 3984 industria
931 3918 1128 4002 supersedeo
1148 3935 1192 3980 ne

92 4014 177 4084 dicar
196 4039 271 4084 mee
290 4017 490 4086 conditionis
508 4018 699 4087 hominibus
713 4018 882 4088 vltroneas
900 4019 992 4105 leges
1010 4027 1044 4084 et
1058 4018 1190 4083 mitiora
1205 4045 1237 4096 35

92 4115 158 4186 iura
171 4121 325 4188 dictasse.

127 4307 253 4375 sbocR
314 4307 749 4390 =1oque...debenturom,R
801 4321 834 4377 ¹3
932 4302 1044 4362 issisll'
1103 4299 1187 4376 rain]

92 4379 164 4434 ma
270 4379 572 4452 aspentsaddrliimus
643 4395 680 4452 30
696 4377 859 4451 que...de
915 4375 1066 4432 turma
