3086 4822
161 1251 545 1354 DIALOGUS
603 1255 703 1352 DE
757 1254 1169 1355 SCACCARIO
1277 1255 1278 1258 ‘

506 1551 831 1654 tenerrimo]

208 1811 452 1880 RDINATIS
473 1833 494 1879 a
510 1815 576 1881 deo
590 1816 813 1900 potestatibus
828 1816 861 1882 in
878 1817 968 1882 omni
982 1817 1102 1883 timore
1116 1817 1220 1884 subici
1235 1832 1259 1882 Α

228 1917 332 1982 simul
348 1927 383 1983 et
398 1917 537 2002 obsequi
552 1939 686 1986 necesse
700 1929 759 1986 est
797 1919 917 1986 Omnis
931 1921 1020 1984 enim
1035 1929 1186 2004 potestas
1200 1943 1221 1986 a

122 2017 251 2084 domino
273 2022 343 2087 deo
365 2029 426 2086 est.
472 2021 551 2088 Non
574 2043 654 2107 ergo
674 2023 806 2088 videtur
826 2024 1008 2090 absurdum
1029 2023 1125 2091 vela
1145 2025 1223 2090 viris
1307 2033 1310 2038 '

123 2123 350 2190 ecclesiasticis
364 2125 509 2192 alienum
525 2127 659 2210 regibus
673 2127 768 2211 quasi
788 2125 1040 2210 precellentrbus
1055 2137 1090 2194 et
1104 2131 1221 2195 ceteris

122 2230 342 2309 potestatibus
363 2229 538 2295 seruiendo
558 2250 619 2296 sua
639 2231 711 2296 iura
730 2251 881 2308 seruare;
909 2231 1081 2314 presertim
1102 2232 1136 2296 in
1157 2233 1250 2306 hiiss

121 2349 183 2412 que
209 2332 345 2398 veritati
370 2332 422 2398 vel
449 2333 613 2400 honestati
643 2353 711 2399 non
741 2333 889 2400 obuiant.
934 2333 1078 2416 Oportet
1108 2343 1220 2400 autem

121 2431 179 2498 hiis
200 2437 329 2501 seruire
351 2457 418 2502 non
444 2436 478 2501 in
504 2437 736 2503 conseruandis
760 2447 891 2503 tantum
915 2435 1135 2522 dignitatibus
1161 2459 1222 2520 per

120 2557 198 2620 quas
220 2539 333 2624 gloria
353 2540 441 2624 regie
461 2541 636 2624 potestatis
658 2540 774 2618 elucet,
790 2559 904 2604 verum
924 2539 958 2602 in
978 2539 1221 2605 mundanarum

120 2641 315 2710 facultatum
341 2643 445 2727 copiis
470 2664 537 2729 que
564 2665 622 2710 eos
651 2645 702 2708 sui
728 2652 836 2710 status
862 2642 989 2708 ratione
1014 2641 1221 2726 contingunt.

102 2765 106 2771 ’
122 2743 179 2811 ilie
196 2747 292 2814 enim
307 2745 481 2826 illustrant,
496 2747 558 2812 hec
572 2747 782 2812 subueniunt.
820 2747 923 2811 Porro
938 2743 1111 2810 mobilium
1126 2745 1221 2828 copia
1237 2771 1268 2806 ιο

120 2849 169 2915 vel
199 2847 355 2918 desectus
386 2851 571 2934 principum
604 2859 787 2934 potestates
818 2848 971 2915 humiliat
999 2847 1052 2913 vel
1083 2847 1221 2915 exaltat.

121 2951 256 3037 Quibus
271 2955 357 3020 enim
372 2953 434 3020 hec
445 2955 565 3020 desunt
579 2954 732 3020 hostibus
743 2953 846 3038 preda
861 2951 955 3030 fiunt,
968 2951 1090 3037 quibus
1106 2960 1220 3016 autem

119 3055 179 3124 hec
200 3066 391 3142 suppetunt
411 3057 476 3122 hiis
497 3057 610 3122 hostes
632 3056 666 3121 in
689 3057 827 3140 predam
851 3056 982 3122 cedunt.
1027 3055 1117 3122 Sane
1143 3055 1221 3122 licet

120 3160 179 3228 hec
207 3162 345 3246 regibus
373 3159 579 3246 plerumque,
599 3159 669 3225 iure
694 3180 760 3224 non
787 3180 921 3245 prorsus
948 3160 1139 3225 examinato
1168 3169 1220 3226 set

119 3267 236 3347 patriis
252 3265 452 3348 quandoque
466 3262 596 3348 legibus
611 3263 812 3347 quaudoque
826 3263 976 3330 cordium
991 3281 1127 3328 suorum
1142 3283 1219 3328 con-
1236 3287 1266 3337 ¹5

117 3367 193 3436 siliis
217 3366 358 3434 occultis
382 3366 436 3432 vel
462 3365 564 3432 solius
589 3367 754 3432 interdum
781 3386 841 3431 sue
865 3366 1047 3440 voluntatis
1076 3365 1221 3444 arbitrio,

119 3471 296 3554 prouenire
318 3470 511 3555 contingat3
538 3489 653 3534 eorum
681 3478 796 3535 tamen
821 3470 909 3535 facta
938 3469 982 3534 ab
1012 3467 1220 3534 inferioribus

115 3574 326 3642 discutienda
350 3573 404 3638 vel
429 3572 707 3656 condempnanda
729 3593 797 3637 non
822 3583 908 3641 sunt
954 3571 1105 3656 Quorum
1130 3573 1218 3638 enim

116 3681 219 3744 corda
233 3687 268 3744 et
284 3686 396 3743 motus
410 3675 559 3741 cordium
574 3675 607 3740 in
624 3695 723 3740 manu
739 3676 792 3741 dei
807 3685 884 3741 sunt
898 3684 932 3740 et
946 3676 1065 3760 quibus
1083 3677 1127 3742 ab
1145 3677 1219 3759 ipso

117 3783 182 3847 deo
203 3779 414 3864 singulariter
431 3788 483 3844 est
502 3777 628 3844 credita
646 3797 725 3842 cura
743 3777 962 3859 subditorum,
983 3799 1098 3844 eorum
1121 3799 1220 3844 causa
1236 3803 1269 3838 πο

118 3885 234 3948 diuino
254 3890 387 3949 tantum
408 3901 476 3945 non
494 3880 641 3946 humano
660 3880 782 3946 iudicio
801 3891 870 3948 stat
889 3890 948 3947 aut
965 3883 1065 3948 cadit.
1108 3881 1221 3947 Nemo

119 3995 231 4052 tamen
261 3984 507 4069 quantumlibet
531 3985 626 4050 diues
649 3983 677 4048 si
702 4003 798 4051 secus
823 3987 928 4070 egerit
954 3986 997 4051 de
1024 3985 1221 4069 impunitate

154 4197 274 4255 asimul
298 4206 328 4253 et
347 4195 415 4252 CR:
435 4193 562 4251 similiter
579 4195 617 4250 Ν
728 4191 1222 4264 9-ntacu1tatum...exaltat1v²
1255 4191 1257 4198 '

122 4279 153 4324 to
163 4267 312 4326 mobilium
322 4267 525 4322 Liebemann:
541 4263 677 4323 nobilium
690 4265 771 4321 CNR
860 4279 892 4324 ιε
905 4267 974 4323 hec.
987 4305 994 4322 .
1005 4304 1012 4321 .
1024 4275 1117 4321 sutem
1126 4277 1179 4317 ons
1192 4263 1221 4316 R

119 4337 520 4412 denmtlsuppetunthorr.
592 4350 624 4406 13
642 4333 773 4409 predam]
785 4335 947 4408 predictuli
1006 4335 1040 4394 16
1057 4329 1118 4404 etse]
1129 4333 1223 4390 siueC
