3096 4832
376 301 439 388 ¹3⁸
746 302 813 368 DE
837 297 1111 370 SCACCARIO
1353 297 1457 391 [11x1

376 474 583 558 delinquunt.
643 471 796 541 Publicas
826 473 927 558 igitur
956 481 991 538 et
1019 473 1156 539 usitatas
1187 492 1301 538 usuras
1330 473 1457 538 dicimus

375 578 519 658 quando,
542 595 635 642 more
655 577 843 655 iudeorum,
859 577 892 642 in
915 576 1033 642 eadem
1054 576 1165 660 speeie
1186 596 1232 641 ex
1254 577 1458 642 conuentione

375 683 450 764 quis
483 681 627 765 amplius
659 690 872 764 percepturus
901 691 961 758 est,
990 700 1092 765 quarn
1121 681 1355 755 commodauit
1383 681 1459 746 sicin

374 780 493 848 libram
522 803 584 868 pro
613 803 724 849 marca
751 785 806 849 vel
835 804 897 868 pro
926 771 1012 848 libra
1036 785 1166 868 argenti
1196 783 1230 848 ii.
1258 783 1403 849 denarios
1428 786 1457 848 in

346 891 596 974 ,septimanam
616 889 660 954 de
678 887 771 954 lucro
791 899 901 972 preter
918 898 1053 954 sortem.
1098 887 1178 953 Non
1197 886 1345 971 publicas
1359 897 1458 953 autem

375 1002 426 1058 set
456 1001 570 1058 tamen
598 990 827 1075 dampnabiles
859 1011 936 1058 cum
964 992 1040 1074 quis
1073 989 1215 1056 fundum
1243 990 1383 1076 aliquem
1412 989 1459 1057 vel

375 1098 547 1164 ecclesiam
567 1117 629 1182 pro
650 1097 864 1163 commodato
883 1096 1019 1180 suscipit
1039 1106 1082 1171 et,
1098 1107 1256 1162 manente
1274 1095 1369 1160 sortis
1385 1095 1457 1160 inte-

374 1201 506 1286 gritate,
533 1198 658 1266 fructus
686 1199 766 1275 eius,
795 1200 903 1264 donec
933 1219 1004 1265 sors
1034 1200 1107 1284 ipsa
1134 1198 1247 1266 soluta
1275 1197 1377 1276 luerit,
1403 1198 1458 1263 sibi

373 1304 523 1390 percipit
567 1302 644 1368 Hoc
669 1323 786 1387 genus,
811 1313 948 1386 propter
972 1301 1121 1368 laborem
1152 1311 1189 1368 et
1214 1311 1380 1387 sumptum
1408 1303 1458 1385 qui

330 1431 362 1470 ro
375 1409 408 1474 in
426 1406 633 1491 agriculturis
648 1405 756 1472 solent
773 1407 929 1491 impendi,
945 1406 1095 1472 licentius
1109 1407 1220 1471 visum
1238 1415 1309 1485 est3
1330 1415 1378 1472 set
1391 1425 1458 1490 pro·

372 1511 529 1577 culdubio
539 1511 711 1577 sordidum
722 1521 773 1577 est
787 1521 823 1577 et
837 1511 921 1576 inter
935 1531 1050 1576 vsuras
1065 1511 1187 1576 merito
1202 1510 1456 1595 computandum.

374 1613 477 1699 Quod
504 1617 531 1680 si
555 1615 700 1680 creditor
720 1635 840 1680 auarus
862 1624 897 1680 et
919 1615 953 1678 in
976 1615 1104 1679 ruinam
1130 1615 1244 1679 anime
1267 1635 1324 1679 sue
1348 1634 1457 1698 pronus

372 1719 408 1784 in
427 1721 551 1803 scripto
573 1720 620 1784 sic
642 1721 786 1804 exprimi
803 1720 941 1804 dignum
963 1719 1099 1784 duxerit
1116 1727 1154 1783 vt
1171 1719 1303 1786 dicatur
1323 1718 1457 1782 ‘Notum

372 1823 417 1888 sit
437 1824 593 1889 omnibus
614 1826 707 1907 quod
730 1844 794 1907 ego
815 1823 860 1888 N.
886 1823 996 1888 debeo
1018 1821 1063 1887 N.
1084 1842 1113 1885 c.
1137 1841 1268 1888 marcas
1289 1822 1408 1905 argenti
1427 1829 1456 1885 et

327 1957 358 2011 ¹5
371 1947 433 2011 pro
455 1929 517 1994 hiis
539 1947 566 1992 c
589 1928 709 1994 marcis
731 1926 899 1994 inuadiaui
921 1925 952 1992 el
978 1937 1102 1992 terram
1124 1926 1220 1991 illam
1242 1947 1303 2012 pro
1322 1948 1356 1992 x.
1377 1924 1456 1990 libris

371 2051 543 2114 quousque
560 2052 633 2115 ego,
647 2031 702 2096 vel
721 2030 816 2097 heres
835 2051 939 2106 meus,
956 2028 1084 2096 soluam
1104 2029 1176 2112 ipsi,
1192 2029 1248 2096 vel
1266 2029 1376 2095 heredi
1393 2047 1456 2104 suo,

340 2134 536 2219 Jpredictas
554 2155 581 2200 c.
598 2131 765 2214 marcas';
784 2155 860 2202 cum
875 2142 952 2219 post
967 2142 1112 2199 mortem
1128 2134 1305 2200 creditoris
1323 2134 1365 2199 ad
1381 2131 1455 2214 regit

369 2237 423 2303 vel
437 2238 627 2323 principalis
645 2238 808 2304 iustitiarii
827 2239 981 2304 notitiam
999 2237 1098 2303 huius
1117 2237 1249 2304 famose
1268 2247 1355 2304 carte
1369 2248 1455 2301 tenor

367 2343 562 2427 peruenerit,
577 2342 611 2406 in
627 2343 743 2426 primis
758 2341 853 2408 fedus
868 2342 988 2407 fenoris
1006 2350 1144 2424 questus
1162 2339 1453 2426 condempnabitur,
1517 2355 1518 2382 i

245 2439 247 2446 ’
324 2467 357 2505 ιο
368 2455 404 2511 et
432 2446 581 2525 creditor,
602 2445 728 2529 scripto
757 2465 820 2511 suo
849 2445 1073 2528 deprehensus
1093 2443 1270 2521 fenerator,
1292 2441 1453 2510 mobilibus

369 2553 437 2616 suis
460 2550 615 2636 indignus
637 2549 845 2616 iudicabitur.
889 2549 991 2632 Quod
1016 2550 1045 2614 si
1067 2548 1095 2613 is
1116 2550 1210 2613 cuius
1233 2546 1353 2613 fundus
1373 2557 1454 2612 esta

368 2674 446 2740 rege
471 2652 726 2738 quomodolibet
748 2652 931 2736 optinuerit
953 2661 991 2716 vt
1012 2653 1061 2718 sic
1086 2651 1267 2717 distractus
1288 2651 1350 2717 sibi
1373 2647 1453 2713 resti·

368 2767 490 2837 tuatur,
504 2759 537 2823 in
556 2768 647 2824 sorte
661 2768 735 2825 tota
748 2757 886 2822 domino
901 2757 971 2840 regi
986 2756 1153 2822 tenebitur
1166 2756 1269 2822 etiam
1284 2757 1312 2820 si
1327 2753 1454 2819 creditor
1516 2751 1517 2754 ’

369 2882 430 2946 per
448 2863 618 2929 biennium
638 2862 692 2928 vel
712 2861 856 2946 amplius
876 2858 1069 2944 possederit
1114 2860 1220 2943 Regis
1235 2870 1346 2926 tamen
1362 2857 1454 2924 muni·

324 2985 355 3038 as
369 2965 502 3032 licentia
523 2968 566 3033 de
589 2986 719 3032 summa
745 2965 843 3030 sortis
869 2963 956 3028 illius
977 2971 1096 3028 taxare
1117 2965 1298 3041 consueuit,
1321 2960 1453 3028 maxime

368 3080 506 3153 propter
523 3071 697 3154 singularis
710 3069 817 3154 gratie
833 3087 959 3145 munus,
970 3067 1004 3130 in
1019 3086 1088 3150 quo
1102 3065 1258 3133 fidelibus
1272 3067 1338 3133 suis
1352 3063 1451 3131 debito
1515 3105 1516 3120 .

368 3173 558 3256 prelationis
573 3183 725 3251 tenetur;
746 3182 782 3238 et
802 3175 880 3238 item
901 3171 981 3254 quia
1000 3172 1180 3248 creditoris,
1196 3183 1250 3238 set
1264 3165 1450 3238 feneratoris.

368 3276 426 3359 qui
440 3277 491 3342 sui
511 3276 618 3342 fidelis
632 3277 758 3342 enormi
779 3277 903 3341 iactura
919 3275 1044 3340 ditatus
1061 3275 1177 3352 iuerat,
1192 3276 1319 3340 ratione
1337 3269 1452 3357 publice

368 3381 545 3464 potestatis
566 3380 657 3445 bona
678 3380 791 3445 omnia
812 3389 1029 3463 percepturus
1051 3389 1110 3444 est.
1154 3377 1242 3444 Sunt
1263 3388 1297 3444 et
1311 3375 1452 3462 pleraque

324 3483 442 3566 ,salia
467 3501 533 3566 que
554 3481 761 3567 singulariter
782 3483 825 3547 ad
853 3482 970 3548 fiscum
996 3481 1172 3567 pertinent,
1194 3503 1262 3567 que
1284 3501 1348 3548 non
1369 3473 1451 3543 facile
1514 3473 1515 3484 ³

368 3586 433 3651 sub
445 3603 511 3649 vna
530 3585 690 3668 scripture
710 3586 795 3649 serie
814 3586 918 3670 redigi
938 3595 1087 3670 possunt,
1102 3587 1182 3670 quia
1201 3606 1269 3652 non
1286 3583 1451 3653 constituta

368 3697 421 3754 set
435 3687 579 3753 casualia
593 3697 681 3753 sunt.
718 3689 772 3753 De
792 3687 855 3753 hiis
876 3697 989 3754 tamen
1012 3691 1240 3759 excidentibus
1259 3691 1355 3755 huius
1373 3681 1450 3751 tertii

368 3792 497 3877 generis
511 3811 578 3856 non
597 3811 697 3875 supra
712 3801 789 3876 post
809 3792 930 3868 firmas,
946 3802 997 3859 set
1014 3793 1097 3859 infra
1112 3804 1187 3879 post
1208 3795 1319 3859 omnia
1333 3790 1450 3878 placita,

368 3896 517 3981 compoti
544 3893 628 3960 fiunt
656 3905 734 3962 ante
762 3895 883 3962 catalla
908 3896 1133 3982 fugitiuorum,
1161 3907 1199 3964 vt
1233 3898 1305 3982 ipsa
1332 3909 1450 3980 quoque

405 4097 655 4173 1igiturdicimrts
666 4099 803 4156 vsnrasC
888 4097 1139 4170 5Non]nuncN
1222 4092 1450 4178 8iueritlfinntR

369 4188 405 4231 10
416 4171 569 4256 expendit*
615 4169 853 4227 umeritoom.R
870 4171 1261 4254 ‚compptandummeritoN
1304 4185 1335 4227 12
1346 4161 1453 4292 rumai(
1512 4213 1513 4220 ,

366 4241 1175 4386 sirinnanmnusuuu
1276 4239 1447 4300 2...
