3096 4832
345 289 389 354 ar
713 286 1077 359 oascnccnnro
1322 247 1431 381 [mre

346 461 605 530 examinandam
631 463 755 531 dantur
783 463 885 530 fusoni
914 483 982 530 non
1011 464 1055 529 de
1080 461 1161 527 fisco
1191 462 1249 528 sed
1274 462 1318 529 de
1344 474 1431 550 parte

345 565 548 632 vicecomitis
565 567 661 650 quasi
684 567 718 633 in
733 568 897 653 premium
914 568 966 634 sui
988 565 1122 633 laboris.
1165 565 1260 632 Tunc
1278 565 1431 650 eliguntur
1518 621 1519 624 ,

345 691 367 736 a
384 669 582 755 presidente,
596 669 648 736 vel
667 691 688 737 a
704 669 908 736 thesaurario
924 671 953 736 si
973 669 1029 735 ssle
1048 669 1168 736 absens
1186 667 1291 752 fuerit,
1305 669 1356 735 alii
1370 671 1431 736 duo

345 773 556 841 vicecomites
576 784 613 840 vt
631 773 731 842 simul
745 795 822 842 cum
837 773 1033 860 argentario,
1051 793 1181 839 necnon
1196 783 1232 840 et
1251 773 1432 840 vicecomite

317 878 438 956 'aculus
453 897 596 944 examen
612 877 796 944 faciendum
815 889 875 958 est,
894 879 1078 962 procedant
1095 877 1140 944 ad
1155 877 1266 961 ignem
1285 876 1338 942 vbi
1351 876 1432 943 fusor
1518 949 1519 952 Ἴ

346 991 425 1049 ante
446 983 661 1067 premonitus,
683 983 865 1066 preparatis
887 981 1088 1063 necessariis,
1105 1001 1223 1046 eorum
1244 980 1431 1064 prestolatur

344 1086 538 1153 aduentum.
582 1086 634 1153 Ibi
649 1085 768 1152 iterum
784 1095 936 1170 presente
950 1083 1060 1152 fusore
1078 1094 1114 1151 et
1128 1084 1194 1150 hiis
1208 1085 1265 1170 qui
1279 1103 1301 1150 a
1313 1085 1431 1150 baroni·

345 1189 409 1256 bus
424 1189 515 1254 missi
538 1196 617 1254 sunt
630 1188 807 1272 diligenter
827 1197 1063 1275 computantur
1085 1198 1121 1256 et
1142 1188 1244 1254 fusuri
1263 1189 1431 1253 traduntur.

345 1292 440 1378 Quos
463 1292 517 1358 ille
538 1293 717 1378 suscipiens
732 1311 834 1358 manu
848 1292 981 1378 propria
1002 1303 1158 1360 numerat
1178 1292 1273 1359 etsie
1295 1293 1428 1376 disponit
1518 1313 1519 1388 ᾗ

301 1417 332 1458 ιο
345 1419 403 1464 eos
428 1397 462 1462 in
486 1397 657 1462 vasculum
682 1395 860 1481 ignitonrm
888 1397 1037 1462 cinerum
1056 1397 1150 1481 quod
1173 1399 1208 1463 in
1232 1395 1358 1462 fornace
1377 1406 1430 1461 est.
1459 1411 1461 1419 ’
1518 1389 1519 1474 ᾖ

344 1499 441 1566 Tunc
456 1500 565 1586 igitur,
576 1499 657 1566 artis
668 1499 789 1565 fusorie
802 1498 876 1584 lege
890 1509 1032 1581 seruata,
1043 1501 1167 1588 redigit
1179 1502 1430 1576 eosirrmassam,
1518 1529 1519 1596 3

343 1602 492 1670 conflans
506 1612 540 1669 et
555 1604 736 1669 emundans
746 1605 933 1686 argentum.
978 1601 1136 1671 Ceterum
1149 1605 1331 1670 cauendum
1345 1602 1430 1668 estei
1518 1601 1519 1680 ἢ

345 1727 389 1774 ne
412 1707 497 1772 citra
518 1707 700 1792 perfectum
721 1707 882 1774 subsistat
903 1706 957 1773 vel
982 1707 1184 1792 importunis
1206 1706 1429 1774 estuationibus
1518 1723 1519 1732 ³

302 1821 331 1875 Η
344 1819 445 1877 vexet
456 1811 537 1878 illud
548 1821 650 1895 atque
660 1819 836 1878 consumat
850 1831 859 1892 ;
881 1810 962 1876 iilud
974 1822 1112 1896 propter
1123 1813 1222 1898 regis,
1234 1812 1296 1878 hoc
1306 1819 1430 1895 propter
1518 1857 1519 1898 ,

299 1933 329 1986 ¹⁵
342 1915 549 1981 vicecomitis
576 1915 760 1995 iacturam
793 1915 853 1980 sed
883 1916 991 1981 modis
1021 1917 1179 1983 omnibus
1209 1916 1376 2001 prouideat
1400 1921 1430 1977 et

343 2027 468 2105 quanta
493 2028 647 2102 procuret
671 2018 832 2084 industria
856 2027 893 2083 vt
918 2037 987 2084 non
1010 2029 1154 2084 vexetur
1177 2019 1237 2084 sed
1260 2018 1302 2082 ad
1323 2032 1429 2101 purum
1518 2013 1519 2078 l

343 2132 475 2192 tantum
501 2131 716 2205 excoquatur.
759 2121 837 2187 Hoc
858 2130 971 2187 autem
994 2123 1105 2207 ipsum
1121 2123 1299 2205 prouidere
1319 2120 1430 2184 debent
1518 2115 1519 2156 ἒ

343 2227 390 2292 bii
422 2225 480 2309 qui
509 2225 552 2292 ad
583 2226 674 2291 idem
704 2225 796 2290 missi
822 2234 900 2291 sunt
925 2245 946 2290 a
975 2225 1165 2292 maioribus.
1211 2227 1317 2291 Facto
1341 2223 1430 2306 igitur
1518 2249 1519 2316 ζ

343 2329 497 2396 examine
515 2329 622 2396 defert
641 2329 724 2393 illud
751 2329 955 2414 argentarius
977 2329 1020 2394 ad
1047 2329 1187 2395 barones
1210 2326 1429 2396 uomitanu'bus
1518 2345 1519 2350 ¹

298 2460 331 2501 ao
343 2433 415 2515 illis,
427 2445 460 2501 et
474 2445 554 2500 tunc
572 2434 606 2498 in
625 2433 775 2500 omniurn
789 2433 893 2498 oculis
905 2433 1067 2519 ponderat
1078 2433 1161 2500 illud
1179 2454 1257 2499 curn
1272 2432 1352 2498 libra
1364 2447 1429 2515 pre·
1518 2451 1519 2480 i

341 2540 430 2607 dicta
446 2539 601 2623 ponderis
616 2558 625 2617 ;
651 2537 785 2622 supplet
797 2546 910 2604 autem
926 2557 1007 2602 mox
1023 2539 1113 2620 quod
1129 2537 1215 2623 ignis
1226 2533 1429 2618 consumpsit,
1518 2579 1519 2608 ,

340 2645 503 2731 appositis
514 2640 658 2709 denariis
669 2642 818 2708 eiusdem
830 2639 929 2708 loculi
939 2641 1047 2708 donec
1058 2639 1430 2726 equilibritersehabeat
1518 2669 1519 2704 ;

341 2768 486 2815 examen
504 2767 580 2814 cum
592 2746 748 2832 pondere
793 2743 890 2812 Tunc
905 2745 1094 2811 inscribitur
1108 2745 1198 2812 idem
1214 2763 1367 2822 exanmn,
1380 2742 1429 2806 de·

341 2873 441 2939 super
455 2854 556 2920 ducta
567 2860 666 2928 creta,
677 2848 741 2915 hiis
755 2850 890 2928 verbis,‘
903 2849 1149 2919 Euerwicscira.
1190 2851 1296 2918 Libra
1304 2848 1378 2915 arsit
1386 2854 1429 2910 tot

297 2987 328 3039 ²5
341 2957 393 3024 vei
414 2967 465 3024 tot
487 2953 647 3037 denariis,¹
663 2966 696 3021 et
718 2963 799 3020 tunc
821 2953 903 3019 illud
924 2954 1067 3020 essaium
1089 2955 1220 3022 dicitur.
1258 2955 1335 3020 Non
1352 2949 1428 3016 enim
1518 2989 1519 3004 η

343 3059 532 3126 inscribitur
546 3061 608 3124 nisi
624 3079 840 3145 preconcesso
854 3058 946 3142 quod
962 3057 1009 3126 sic
1024 3069 1112 3125 stare
1125 3058 1259 3126 debeat
1297 3054 1391 3140 Quod
1405 3051 1428 3116 si

340 3162 524 3230 vicecomes
548 3164 641 3230 cuius
668 3174 719 3229 est
745 3161 987 3246 calumpniatus
1009 3160 1108 3229 fuerit
1133 3161 1217 3228 illud
1245 3161 1339 3244 quasi
1363 3155 1428 3241 plus
1518 3255 1519 3260 ἵ

339 3265 427 3331 iusto
447 3275 683 3350 consumptum
705 3265 814 3344 fuerit,
843 3265 928 3350 ignis
952 3264 1078 3332 scilicet
1102 3285 1147 3331 ex
1173 3265 1357 3332 estuatione
1382 3257 1428 3323 vel

340 3365 471 3453 plumbi
494 3367 666 3447 infusione,
685 3368 739 3434 vel
760 3369 860 3434 etiam
885 3367 976 3433 fusor
1002 3368 1073 3452 ipse
1096 3368 1246 3453 qualibet
1267 3365 1428 3434 occasione
1518 3355 1519 3446 f

295 3499 327 3548 30
340 3470 498 3536 defecisse
513 3470 656 3538 fateatur
667 3491 821 3551 examen,
836 3472 955 3538 iterum
970 3483 1185 3540 numerentur
1199 3493 1260 3538 xx.
1269 3469 1364 3537 solidi
1378 3464 1430 3550 qui
1518 3475 1519 3560 ἐ

339 3574 460 3641 residui
473 3575 715 3640 suntinloculo
726 3577 878 3659 predicto
889 3596 1003 3642 coram
1014 3575 1202 3654 baronibus,
1213 3575 1300 3642 sicut
1314 3573 1428 3638 dictum
1518 3593 1519 3616 ³

339 3688 400 3756 est,
421 3687 455 3743 et
475 3679 594 3744 eadem
613 3680 743 3744 ratione
757 3689 889 3746 seruata
904 3677 963 3745 fiat
983 3699 1136 3746 examen.
1174 3680 1265 3744 Hinc
1279 3677 1340 3744 tibi
1357 3693 1428 3739 con·
1518 3683 1519 3688 ’

339 3791 427 3848 stare
443 3790 554 3867 potest
575 3802 643 3866 qua
658 3783 922 3848 consideratione
935 3783 979 3850 de
997 3804 1116 3850 aceruo
1131 3804 1253 3869 magno
1268 3777 1428 3868 proposita
1518 3823 1519 3856 3

338 3887 479 3973 pecunie
493 3884 587 3950 xliiii.
602 3885 700 3951 solidi
714 3907 861 3954 seorsum
877 3887 920 3952 ab
942 3888 1038 3953 initio
1053 3889 1229 3955 mittantur
1241 3889 1277 3952 in
1292 3883 1427 3952 loculum
1518 3935 1519 3970 3

289 3979 326 4085 ’ἒξ
340 3990 496 4075 apposito
504 3989 706 4056 vicecomitis
717 3989 836 4075 sigillo.
879 3991 1077 4058 Notandum
1090 4012 1170 4059 vero
1184 3989 1335 4075 estquod
1346 3985 1428 4052 fusor

374 4162 560 4231 71biom.R
663 4161 696 4218 16
713 4159 855 4233 procuret]
868 4179 919 4233 pro
931 4163 1037 4219 cureR
1146 4176 1178 4232 17
1197 4163 1289 4235 ipsum
1300 4153 1427 4217 antemi?

339 4232 455 4303 debent]
469 4232 566 4288 dicunt
579 4231 615 4288 N
666 4233 701 4288 26
715 4233 960 4304 preconcessioN
1019 4235 1054 4290 28
1068 4235 1268 4307 consumptoc
1307 4238 1426 4290 exestua-
1518 4243 1519 4250 ’

337 4303 415 4360 tione
425 4305 474 4359 N:
493 4321 528 4361 ex
536 4303 722 4362 estuationem
733 4303 762 4360 R
833 4317 865 4373 3¹
885 4303 1013 4375 predicto
1026 4305 1118 4362 loculo
1132 4306 1158 4363 C
