3096 4832
106 337 163 404 liri
178 333 216 428 Β]
459 337 526 403 DE
550 335 823 405 SCACCARIO
1130 353 1192 421 103

104 529 154 575 rue
167 512 284 576 domus
304 511 349 576 de
367 509 507 594 propriis
526 508 717 576 nemoribus
736 519 996 576 nonassumunt
1013 508 1070 588 hii,
1085 509 1142 593 qui
1158 509 1194 574 in

105 613 212 680 foresta
229 635 290 680 sua
310 614 439 680 habent
459 613 634 689 domicilia,
650 613 715 678 nisi
733 632 795 696 per
812 612 921 678 visum
941 634 1054 681 eorum
1072 615 1129 697 qui
1148 614 1193 680 ad

103 719 213 784 foreste
227 718 415 784 custodiam
436 718 646 803 deputantur.
691 717 818 783 Verum
833 724 911 782 sunt
929 717 1112 802 pluresqui
1126 719 1194 785 suis

102 821 191 888 velint
206 822 412 906 argumentis
427 831 583 904 astruere,
595 821 686 906 quod
701 823 745 888 de
759 819 893 886 essartis
907 821 970 886 hiis
986 820 1095 886 nullus
1110 819 1195 888 liber

102 922 140 986 sit
151 921 280 988 ratione
295 921 452 987 sessionis
466 924 510 987 ad
528 923 737 988 scaccarium
784 919 822 986 Si
839 919 915 1003 quis
929 919 1017 985 enim
1035 919 1099 985 illic
1113 921 1192 986 resi·
1206 947 1220 1001 5

102 1026 241 1091 dentium
258 1045 339 1110 erga
353 1025 537 1111 principem
552 1025 672 1109 quouis
687 1025 893 1107 delinqueret
908 1020 1094 1103 infortunio,
1105 1026 1193 1090 vnde

102 1130 312 1212 pecmiariter
333 1130 442 1212 puniri
465 1139 653 1210 mereretur,
674 1149 695 1194 a
716 1149 804 1212 pena
824 1126 881 1192 illa
906 1125 990 1193 liber
1015 1147 1081 1193 non
1107 1137 1193 1194 esset

102 1233 156 1297 nisi
168 1234 305 1318 speciali
321 1233 477 1318 principis
494 1234 661 1300 mandato.
707 1231 794 1299 Cum
805 1251 885 1316 ergo
896 1241 1056 1298 essartum
1068 1232 1192 1298 iactum

101 1357 248 1402 excessus
269 1338 316 1402 sit
335 1337 370 1402 in
390 1335 548 1404 forestam
566 1338 662 1423 regis,
677 1357 744 1403 non
765 1334 877 1412 debet,
892 1345 930 1401 vt
948 1335 1115 1412 dicuut,is
1136 1337 1192 1419 qui

102 1437 141 1500 sic
164 1437 329 1522 delinquit
355 1447 389 1503 et
415 1445 552 1522 propter
577 1435 642 1502 hoc
667 1437 812 1524 punitur,
837 1435 903 1500 nisi
927 1435 1012 1518 regis
1033 1439 1239 1542 expresso&

101 1541 250 1608 mandato
276 1539 421 1607 liberari.
475 1541 551 1608 Hec
577 1541 691 1624 itaque
720 1541 806 1606 ratio
832 1538 909 1606 licet
934 1539 1064 1606 subtilis
1090 1541 1133 1605 sit
1159 1550 1193 1606 et

101 1643 240 1711 videatur
261 1645 431 1730 aliquibus
452 1664 541 1728 pene
563 1643 737 1722 sufficiens,
759 1643 876 1710 obuiat
898 1653 1011 1710 tamen
1031 1643 1078 1709 illi
1102 1643 1193 1728 quod

101 1765 176 1828 pena
197 1770 260 1834 pro
282 1749 420 1818 essartis
442 1749 625 1814 constituta
649 1747 692 1813 sit
714 1756 748 1814 et
773 1749 959 1812 communis
982 1747 1016 1813 in
1038 1746 1111 1812 illos
1137 1747 1193 1831 qui

101 1850 141 1915 sic
159 1854 367 1937 delinquunt,
383 1863 420 1918 vt
442 1852 567 1918 scilicet
588 1872 649 1935 pro
672 1861 798 1918 essarto
821 1851 940 1936 ingeris
962 1851 1056 1917 vnius
1073 1850 1194 1917 triticei

101 1955 216 2021 solidus
231 1977 318 2022 vnus
333 1956 492 2037 soluatur,
507 1977 569 2041 pro
588 1958 701 2041 lugere
715 1974 794 2021 vero
813 1975 881 2039 quo
895 1956 1012 2022 seritur
1029 1975 1137 2022 auena
1149 1957 1191 2020 vi.
1207 1979 1238 2033 ¹5

102 2059 213 2124 dmarii
241 2062 316 2127 iure
339 2071 510 2147 perpetuo.
556 2061 613 2126 Ex
642 2060 707 2125 hiis
737 2067 850 2125 autern
879 2059 1047 2143 particulis
1077 2071 1193 2127 coacta

103 2183 220 2230 summa
244 2165 393 2249 quedam
416 2175 559 2250 exurget
575 2167 618 2230 de
640 2185 707 2248 qua
727 2165 913 2230 vicecomes
934 2166 978 2230 ad
995 2166 1192 2232 scaccarium

101 2271 296 2350 respondere
312 2279 456 2349 tenetur,
474 2271 559 2336 sicut
579 2289 624 2334 ex
646 2268 836 2334 constitutis
854 2267 985 2334 duobus
1006 2268 1118 2335 solidis
1140 2268 1194 2334 vel

102 2391 159 2434 vno
172 2393 231 2456 per
244 2373 391 2458 singulas
401 2373 497 2438 hidas
508 2373 687 2439 comitatus
701 2393 832 2438 summa
841 2391 917 2450 vna,
927 2391 994 2454 que
1007 2374 1193 2438 communis

101 2477 192 2541 assisa
206 2485 430 2562 nuncupatur,
444 2477 613 2544 excrescit
655 2474 744 2560 Quia
758 2476 859 2560 igitur
870 2475 903 2540 iu
920 2475 983 2540 hiis
1000 2497 1191 2560 expressam
1207 2499 1239 2538 ιο

102 2575 193 2646 habet
217 2580 471 2648 similitudinem
500 2591 660 2647 essartum
683 2599 758 2646 curn
781 2579 884 2645 assisa
910 2581 1087 2659 communi,
1109 2581 1193 2646 sicut

102 2682 216 2750 dictum
246 2694 311 2766 est,
334 2686 437 2752 videri
466 2687 579 2770 potuit
609 2706 678 2751 non
707 2685 860 2750 inmerito
892 2683 1041 2748 similiter
1061 2685 1194 2767 quietos

102 2783 264 2856 habendos
287 2789 363 2855 illos
383 2791 428 2855 ab
449 2790 582 2856 essartis
603 2799 641 2857 vt
662 2788 707 2854 ab
727 2787 800 2854 aliis
822 2788 1053 2854 communibus
1075 2789 1192 2854 assisis.

103 2886 180 2955 Item
203 2893 324 2959 obuiat
348 2893 396 2958 eis
424 2893 670 2958 consuetudinis
698 2911 841 2975 ususque
870 2891 1002 2974 longeui
1031 2911 1099 2957 non
1119 2891 1194 2957 vilis

102 2996 279 3062 auctoritas.
326 2995 421 3062 Sicut
447 2997 544 3062 enim'
558 2995 730 3062 retroactis
752 2994 956 3079 temporibus
978 2993 1077 3060 fuisse
1101 3015 1192 3063 corn-
1208 3017 1238 3068 25

103 3111 280 3166 memorant
310 3100 431 3182 quibus
461 3121 545 3166 cana
574 3099 733 3166 memoria
760 3108 821 3179 est,
850 3100 918 3164 vidi
939 3121 1004 3184 ego
1033 3100 1113 3185 ipse,
1137 3101 1194 3185 qui

103 3196 210 3283 loquor
230 3213 354 3285 tecum,
369 3203 537 3270 modernis
559 3203 765 3287 temporibus
788 3203 1015 3286 Legrecestrie
1036 3205 1193 3273 comitem

104 3301 293 3388 Robertum,
308 3307 414 3373 virum
433 3308 620 3389 discretum,
640 3307 757 3374 litteris
774 3307 939 3373 eruditum
954 3318 988 3380 et
1005 3309 1039 3372 in
1054 3309 1193 3394 negotiis
1295 3299 1299 3310 ’

103 3405 280 3476 forensibus
303 3412 531 3477 exercitatum.
577 3411 645 3478 Hic
668 3411 847 3494 ingenitam
868 3411 994 3477 habens
1011 3412 1112 3476 animi
1129 3413 1194 3478 vir·

103 3519 201 3578 tutem
214 3524 353 3599 paterne
373 3535 507 3600 quoque
527 3515 702 3601 prudentie
721 3514 855 3582 sedulus
875 3515 1038 3581 emulator
1056 3515 1194 3583 effectus
1207 3542 1240 3594 30

103 3624 154 3692 est.
168 3619 260 3683 cuius
275 3619 437 3684 industria
456 3613 602 3704 pluribus
617 3619 807 3684 examimta
828 3629 878 3684 est
894 3641 995 3705 penes
1012 3619 1193 3706 principem

103 3727 252 3800 nostrum,
273 3722 455 3788 Henricum
475 3724 666 3799 secundum,
681 3733 784 3808 atque
804 3724 888 3788 adeo
907 3723 1075 3790 conualuit
1092 3744 1194 3807 penes

106 3839 186 3901 eum,
209 3845 312 3909 quem
342 3847 403 3892 uec
431 3826 569 3911 palliata
595 3827 772 3912 pnrdentia
792 3847 853 3891 nec
877 3825 1084 3892 dissimulata
1107 3828 1193 3910 fallit

104 3921 228 4008 ineptia,
250 3938 288 3995 vt
313 3951 358 3996 ex
384 3932 544 3997 mandato
570 3932 672 4017 ipsius
701 3951 767 3998 non
795 3929 904 3996 solum
925 3931 971 3996 ad
993 3931 1228 4014 scaccariumu

138 4065 348 4134 aprouisumR
435 4067 585 4124 illorumC
681 4065 747 4138 9is]
760 4067 805 4123 his
819 4067 847 4122 R
935 4065 1126 4190 rodelinqpid
1139 4063 1198 4120 CN

105 4133 284 4204 unlvuc
379 4136 551 4208 15vi.]v.R
647 4137 902 4194 aoinhiisom.R
1003 4133 1195 4206 23a]adR

104 4213 135 4270 25
147 4203 234 4276 Sicut]
247 4205 295 4262 Sic
306 4207 366 4262 NR
435 4208 591 4264 adsauaR
660 4208 765 4265 videC
830 4212 941 4278 31posr'
956 4207 1116 4263 examinata
1127 4203 1193 4258 add.

105 4273 216 4340 plmaR
287 4291 320 4347 32
334 4276 518 4334 HericumN
558 4294 636 4406 aff
648 4293 683 4350 33
695 4289 780 4350 atque
790 4277 864 4334 adeo
876 4277 1018 4333 conualuit
1030 4291 1116 4356 penes
1129 4287 1194 4328 eum

105 4357 155 4400 om.
170 4346 228 4403 NR
316 4361 351 4417 3⁴
361 4351 430 4420 post
440 4349 547 4421 ineptia
615 4361 719 4422 .atque
730 4349 803 4406 adeo
813 4347 956 4404 conualuit
966 4363 1053 4420 penes
1066 4343 1166 4400 erusR
