3096 4832
115 307 237 403 Exn]
486 313 554 380 DE
577 311 853 383 SCACCARIO
1056 311 1061 322 '
1156 334 1218 404 139

115 485 261 551 locorum
287 481 460 568 positione
474 483 662 550 'videantur
684 505 746 570 pro
768 483 956 552 enormibus
982 486 1087 572 culpis
1113 488 1219 556 delin-

114 589 287 672 quentium
313 589 357 652 ad
380 586 499 652 fiscum
521 589 730 673 pertinentia.

152 691 354 775 Ducebatur.
400 691 506 756 Miror
535 711 634 774 super
661 691 725 756 hiis
755 712 820 776 que
850 692 976 760 dixisti.
1024 694 1099 762 Nec
1128 696 1216 764 enim

111 814 188 861 cum
210 795 378 880 prioribus
401 803 490 860 stare
511 814 610 878 posse
630 795 792 860 videntur.
838 795 924 862 Cum
953 797 1044 863 enim
1068 800 1217 884 ascripti.

111 899 234 964 tiorum
249 899 397 965 dominis
409 899 549 964 liberum
561 899 616 979 sit,
627 919 693 964 non
708 899 817 965 solum
829 899 904 966 illos
915 901 1091 966 transferre
1102 921 1215 968 verum
1229 930 1245 984 ῃ

111 1003 214 1068 etiam
238 1001 491 1086 quibuscunque
515 1002 623 1070 modis
645 1002 836 1080 distrahere,
857 1005 943 1070 sicut
964 1024 1065 1086 supra
1090 1004 1215 1070 dictum

109 1117 172 1183 eat,
203 1116 238 1172 et
267 1126 335 1172 non
365 1113 497 1172 tantum
520 1105 716 1172 catallorum
746 1117 798 1172 set
826 1116 860 1172 et
889 1127 1066 1193 corporum
1096 1109 1216 1174 merito

108 1209 240 1274 domini
264 1219 468 1293 reputentur,
485 1209 672 1276 mirandum
694 1219 746 1276 est
767 1230 845 1276 cum
872 1211 1026 1278 dominus
1051 1230 1160 1276 rerum
1180 1221 1215 1278 et
1229 1216 1255 1270 Κ

107 1313 257 1378 bominis
277 1313 325 1378 rei
347 1311 395 1378 nil
417 1311 590 1398 delinquat
611 1313 645 1378 iu
668 1312 778 1397 legem
801 1334 904 1398 quare
926 1315 1134 1400 possessione
1153 1335 1215 1380 sua

106 1418 271 1501 priuetur.
315 1417 431 1482 Videri
445 1417 534 1483 enim
549 1417 673 1484 iustum
688 1427 800 1502 posset
814 1427 852 1484 vt
869 1419 954 1503 regis
972 1417 1165 1492 constitutio
1180 1419 1214 1484 in
1229 1445 1261 1484 ιο

107 1539 289 1605 personam
301 1519 524 1605 delinquentis
538 1520 671 1606 puniret
689 1541 874 1600 excessum,
885 1521 1023 1588 mobilia
1039 1541 1119 1587 vero
1137 1543 1214 1590 cum

108 1625 192 1712 ipsis
209 1624 322 1690 fundis
336 1623 371 1690 in
385 1644 464 1690 vsus
479 1625 691 1691 dominorum
706 1625 871 1692 cederent.

153 1727 333 1811 Magister.
377 1728 495 1794 Mouet
523 1739 559 1796 te
588 1728 680 1813 quod
703 1749 759 1794 me
787 1729 903 1796 mouit
946 1729 1072 1796 Verum
1095 1729 1127 1795 in
1149 1727 1215 1795 biis

105 1833 248 1917 longam
277 1831 349 1898 fieri
378 1851 507 1899 moram
532 1831 736 1916 superfluum
762 1834 869 1912 credo,
898 1853 975 1899 cum
1004 1833 1048 1898 ab
1073 1834 1213 1916 inceptis

106 1937 255 2019 negotiis
270 1936 378 2026 aliena
393 1935 469 2002 sint
511 1936 559 2003 Vt
577 1945 691 2002 tamen
712 1937 773 2002 tibi
793 1935 932 2004 satisfiat
953 1944 1088 2022 propter
1104 1937 1211 2004 solam
1227 1958 1257 2012 ¹⁵

107 2040 197 2124 regis
217 2040 355 2106 assisam
376 2040 425 2106 sic
444 2059 518 2106 asse
534 2059 726 2124 cognoscas.
771 2041 845 2108 Nec
866 2040 955 2107 enim
977 2049 1028 2108 est
1048 2043 1106 2126 qui
1121 2044 1213 2126 regie

106 2143 350 2223 constitutioni,
378 2163 445 2228 que
473 2164 535 2229 pro
564 2143 655 2210 bono
683 2145 776 2229 pacis
803 2144 852 2222 fit,
872 2145 1008 2211 obuiare
1033 2156 1212 2232 presumat.

107 2247 214 2330 Quod
235 2248 264 2313 si
286 2247 432 2314 dominis
449 2246 570 2314 catalla
591 2267 725 2314 suorum
747 2267 806 2332 per
830 2249 967 2314 assisam
987 2250 1211 2336 condempna-

107 2363 224 2417 torum
249 2351 468 2436 prouenirent,
491 2350 577 2418 sorte
597 2349 688 2436 (quia
708 2351 899 2436 cupiditatis
920 2351 1064 2420 humane
1084 2354 1211 2420 fervida

106 2455 182 2520 sitis
198 2455 231 2520 in
251 2455 363 2522 medio
374 2456 484 2540 posita
498 2451 563 2541 est)
578 2464 714 2539 propter
725 2455 894 2522 modicum
904 2466 1060 2540 questum
1074 2457 1211 2540 quidam
1226 2483 1259 2522 so

106 2560 144 2624 in
174 2579 291 2624 necem
316 2578 453 2624 suorum
482 2559 584 2626 etiam
613 2559 839 2626 innocentium
867 2569 1103 2645 grassarentur.
1143 2559 1211 2628 Ea·

107 2673 249 2748 propter
273 2684 336 2729 rex
358 2664 430 2748 ipse
452 2663 506 2730 cui
529 2663 691 2748 generalis
713 2671 764 2730 est
790 2673 868 2730 eta
889 2664 955 2730 deo
980 2663 1108 2730 credita
1133 2683 1212 2730 cura

106 2766 333 2847 subditorum,
355 2767 417 2834 bec
440 2767 488 2834 ita
512 2767 659 2834 decreuit
682 2775 719 2832 vt
743 2767 792 2834 sic
816 2766 864 2832 rei
889 2765 956 2850 legi
977 2765 1212 2834 satisfacientes

107 2889 249 2956 corpore
263 2871 445 2957 puniantur
458 2879 493 2936 et
511 2871 647 2938 retentis
664 2870 805 2954 sibiipsi
820 2869 1008 2950 mobilibus,
1023 2870 1211 2938 domesticis

106 2974 272 3051 hostibus,
295 2973 358 3040 boc
382 2981 433 3040 est
457 2973 602 3040 dominis
625 2973 704 3055 suis,
726 2994 793 3039 non
814 2983 1035 3058 exponantur.
1077 2973 1212 3054 Verum,
1225 3001 1256 3054 ²5

105 3077 200 3143 sieut
219 3077 287 3142 iam
307 3076 465 3154 diximus,
486 3076 558 3144 sola
579 3077 665 3162 regis
687 3078 891 3158 constitutio,
912 3086 1051 3164 urgente
1072 3078 1213 3145 necessi-

106 3189 196 3259 tate,
223 3199 286 3264 pro
319 3179 409 3248 bono
441 3181 534 3266 pacis
568 3181 657 3248 iacta
684 3181 784 3248 huius
811 3181 994 3267 questionis
1023 3181 1212 3268 principalis

106 3282 236 3350 solutio
246 3293 308 3351 est.

153 3383 354 3470 Discioulus.
406 3387 516 3455 Video
544 3389 636 3474 quod
662 3409 730 3459 non
755 3389 826 3456 sine
851 3407 951 3456 causa
980 3387 1037 3455 fit:
1070 3409 1156 3458 nunc
1185 3390 1213 3458 si

106 3489 224 3574 placet
235 3509 442 3576 prosequere
486 3493 612 3558 Verum
624 3501 726 3559 restat
738 3493 771 3557 in
783 3492 1039 3576 precedentibus
1051 3494 1212 3578 quiddam
1226 3527 1260 3579 30

107 3596 204 3681 quod
218 3596 338 3662 vellem
358 3597 469 3676 altius,
487 3597 517 3662 si
535 3596 654 3681 placet,
669 3597 830 3682 expediri.
874 3599 1001 3664 Dixisti
1019 3600 1106 3664 enim
1121 3599 1212 3683 quod

107 3699 327 3783 fugitiuorum
342 3710 377 3767 et
398 3698 625 3767 mutilatorum
645 3721 705 3786 per
723 3700 861 3767 assisam
882 3701 1021 3768 mobilia
1039 3721 1106 3767 non
1124 3721 1250 3774 sum-1.

109 3804 242 3870 monita
270 3804 316 3870 ad
344 3803 544 3870 scaccarium
570 3803 762 3871 deseruntur
791 3814 825 3872 et
853 3804 888 3870 in
916 3804 1025 3870 annali
1054 3825 1116 3872 suo
1136 3804 1213 3871 loco

108 3907 310 3974 scribuntur.
354 3905 447 3992 Quid
470 3916 583 3974 autem
606 3906 649 3972 de
671 3908 856 3994 predonum
877 3907 931 3974 vel
953 3908 1063 3974 iurum
1086 3907 1215 3974 catallis

149 4120 249 4191 3Nee
275 4117 384 4178 NonR
442 4115 628 4190 §nonlinR
683 4119 1002 4190 yposteaa'asetornR
1055 4112 1213 4186 rsMouit]

108 4199 207 4248 movet
337 4187 536 4248 sosarmc
623 4189 910 4248 ttdsmnatorumc
990 4184 1214 4264 arnecesqeR:

109 4261 279 4318 neccemN
342 4259 515 4388 nm
572 4258 834 4343 abinstitutioNR
899 4273 932 4330 31
952 4252 1219 4332 siplaoetdnusc

110 4331 302 4404 mmmR
371 4345 406 4402 u
515 4327 679 4403 lfflmR
