3096 4832
115 311 197 398 nv]
457 311 824 382 nsscnccnnro
1150 314 1189 380 n

114 484 225 550 nobilis
243 493 391 569 questus,
405 495 457 552 set
477 494 530 551 est
551 484 586 550 in
607 483 654 550 eis
676 503 832 552 ascensus
854 495 888 552 et
910 485 1095 565 descensus,
1112 485 1192 553 licet

113 607 167 654 non
187 608 323 670 mouns,
341 587 498 673 frequens
520 597 646 670 tamen,
667 607 785 656 census
814 588 977 671 dicuntur,
999 591 1102 658 etsie
1131 612 1192 678 per

112 691 254 759 ainaim
279 693 427 760 redditus
452 692 516 758 hos
540 692 667 758 censeri
692 692 817 761 dicunt
876 692 963 761 Sunt
991 703 1106 762 tamen
1132 696 1190 782 qui

111 795 228 862 credant
248 817 385 884 censum
407 795 473 864 dici
497 817 563 880 que
585 818 606 863 a
631 797 768 883 singulis
792 796 983 864 bominibus
1008 798 1190 880 soluuntur,

110 897 190 966 bna
210 921 289 968 vero
317 923 383 986 que
407 921 453 966 ex
480 900 545 968 hiis
574 902 687 985 surgit,
711 909 749 968 vt
774 901 819 969 sit
846 900 942 969 firma
970 920 1093 969 nomen
1122 901 1220 982 col-5

109 1002 246 1070 loctiuum
274 1005 362 1072 sicut
389 1006 499 1072 turba.
551 1003 608 1073 Ob
636 1004 701 1074 hoc
728 1005 829 1092 igitur
857 1006 942 1072 sicut
970 1006 1114 1072 creditur
1141 1006 1189 1075 sic

109 1119 240 1174 censetur
259 1119 298 1175 ut
318 1128 467 1176 annuum
488 1107 612 1176 indicet
632 1118 668 1175 et
689 1109 821 1175 firmum
843 1113 909 1174 non
931 1129 1003 1175 esse
1026 1108 1189 1192 designet.

109 1211 176 1278 Post
188 1213 247 1280 hec
260 1213 454 1292 constituta,
465 1212 555 1280 lacto
567 1214 686 1278 iterum
702 1213 887 1298 interuallo,
900 1212 940 1280 fit
954 1221 1131 1298 compotus
1145 1213 1190 1280 de

83 1315 213 1384 ·debitis
234 1338 333 1402 super
362 1317 483 1402 quibus
511 1317 731 1384 summonitus
756 1325 807 1382 est
829 1318 1026 1397 vicecomes,
1052 1316 1191 1400 pretitu-

107 1418 171 1484 latis
190 1431 301 1487 tamen
322 1421 514 1487 nominibus
536 1420 667 1486 illorum
690 1420 835 1487 iudicum
857 1441 999 1506 quorum
1020 1420 1084 1488 hec
1102 1429 1190 1488 sunt.
1206 1441 1237 1483 ιο

107 1520 220 1590 Vltimo
239 1547 320 1591 vero
341 1525 386 1590 de
406 1525 535 1592 catallis
561 1523 776 1610 fugitiuorum
798 1524 850 1591 vel
876 1525 1103 1592 mutilatorum
1129 1545 1191 1608 pro

106 1629 283 1696 excmsibus
305 1628 383 1704 suis,
406 1638 441 1694 et
456 1629 525 1695 hiis
544 1627 688 1712 expletis
712 1638 889 1714 compotus
909 1627 997 1695 illius
1016 1627 1191 1694 vicecomi-

106 1738 182 1796 tatus
195 1733 400 1798 terminatur.
441 1731 637 1800 Cauendum
652 1741 765 1798 autem
779 1741 831 1800 est
844 1731 994 1816 scriptori
1008 1752 1051 1797 ne
1064 1731 1192 1815 aliquid

106 1845 187 1901 motu
215 1836 319 1901 animi
347 1835 400 1903 sui
429 1837 553 1903 scribat
582 1836 617 1901 in
647 1836 755 1901 rotulo
784 1835 846 1901 nisi
871 1837 964 1920 quod
987 1835 1193 1902 thesaurario

105 1937 239 2006 dictante
268 1939 432 2008 didicerit.
475 1939 576 2025 Quod
605 1941 635 2031 si
662 1938 747 2005 sorte
777 1959 837 2024 per
866 1939 1111 2026 negligentiam,
1138 1937 1192 2006 vel
1206 1957 1236 2013 ιε

103 2041 193 2110 alium
211 2044 396 2128 quemlibet
414 2064 537 2121 casum,
554 2045 729 2130 contigerit
749 2065 825 2111 eum
846 2063 953 2110 errare
974 2045 1009 2109 in
1030 2044 1193 2128 scriptura

103 2147 190 2212 rotuli
203 2149 258 2214 vel
278 2151 312 2214 in
332 2147 465 2214 nomine
481 2148 535 2214 vel
554 2148 589 2213 in
610 2168 748 2214 numero
766 2147 819 2213 vel
840 2148 874 2213 in
895 2167 996 2214 causa
1016 2148 1051 2213 in
1072 2147 1193 2232 quibus

103 2249 146 2314 vis
169 2253 275 2318 maior
296 2251 458 2337 scripture
482 2251 642 2330 consistit,
662 2271 729 2316 non
754 2259 925 2336 presumat
949 2253 1116 2331 abradere,
1133 2259 1193 2318 ‘set
1205 2261 1230 2312 v

103 2350 181 2420 linea
204 2354 320 2422 subtili
346 2356 508 2423 subducta
537 2354 696 2422 cancellet
724 2365 760 2422 et
787 2357 910 2422 scribat
933 2357 967 2421 in
992 2357 1076 2423 serie
1101 2352 1191 2439 q'uod

101 2467 234 2540 oportet.
281 2459 398 2525 Habet
420 2460 508 2526 enim
531 2458 630 2526 rotuli
652 2459 815 2544 scriptura
836 2460 901 2527 hnc
919 2479 1097 2525 commune
1115 2477 1191 2526 cum
1207 2489 1238 2529 so

101 2561 192 2628 certis
211 2572 247 2629 et
266 2561 340 2628 aliie,
359 2563 490 2648 scriptis
509 2563 709 2649 patentibus,
723 2563 814 2648 quod
833 2563 949 2630 abradi
962 2583 1029 2628 non
1044 2561 1145 2628 debet
1159 2571 1193 2626 et

101 2663 142 2728 ob
162 2665 225 2731 hoc
251 2676 387 2733 cautum
413 2677 465 2734 est
487 2675 525 2734 vt
547 2667 591 2733 de
613 2666 754 2754 pellibus
777 2667 884 2735 ouinis
907 2663 998 2748 fiant,
1022 2665 1101 2750 quia
1126 2684 1193 2732 non

100 2765 189 2834 laeile
209 2771 272 2836 nisi
295 2770 472 2838 manifesto
492 2773 574 2838 vitio
595 2793 707 2838 rasore
727 2773 858 2840 cedunt.

137 2871 334 2958 Drim'pulus.
380 2874 528 2963 Scriptor
547 2876 610 2944 iste
628 2878 673 2942 de
692 2878 828 2963 proprio
844 2895 888 2943 an
908 2875 952 2942 de
970 2873 1051 2942 fisco
1066 2873 1192 2942 rotulos

98 2973 246 3044 inuenit?
1208 3003 1238 3056 ²⁵

137 3079 311 3164 Magister.
365 3080 407 3146 In
427 3081 572 3148 termino
593 3083 698 3149 sancti
723 3081 897 3149 Michaelis
917 3079 1057 3166 scriptor
1077 3080 1142 3147 iste
1161 3101 1193 3147 v.

98 3181 218 3250 solidos
234 3185 277 3251 de
294 3183 376 3250 fisco
395 3185 523 3270 recipit,
537 3195 571 3252 et
590 3185 730 3272 scriptor
749 3185 940 3254 cancellarie
953 3186 1036 3253 alios
1053 3185 1195 3254 nichilo·

97 3286 203 3352 minus
231 3308 261 3351 v.
294 3308 339 3353 ex
369 3287 491 3372 quibus
519 3288 563 3355 ad
592 3298 769 3373 vtrumque
795 3289 940 3355 rotulum
967 3299 1003 3356 et
1029 3290 1073 3356 ad
1104 3311 1195 3358 sum·

96 3391 292 3457 monitiones
327 3401 363 3458 et
398 3403 549 3478 receptas
591 3392 751 3460 inferioris
788 3394 943 3460 scaccarii
987 3393 1194 3464 membranas

94 3491 273 3562 inueniunt.
1209 3523 1242 3573 30

138 3597 262 3680 ‘Cura
281 3599 385 3682 labor,
407 3600 566 3678 studium,
588 3599 705 3684 reliqui
732 3601 899 3686 scriptoris
923 3603 966 3669 ad
993 3603 1081 3669 eius'
1106 3603 1195 3670 latus

95 3702 271 3768 residentis
293 3703 326 3768 in
348 3703 410 3768 hiis
432 3702 579 3769 maxime
599 3703 756 3782 consistit,
770 3712 815 3782 vt,
834 3703 969 3782 scilicet,
985 3706 1130 3790 excipiat
1151 3706 1196 3772 de

96 3803 205 3871 rotulo
221 3805 329 3873 altero
345 3806 486 3872 verbum
506 3807 650 3885 everbo,
664 3807 784 3873 eodem
801 3817 838 3873 vt
857 3809 1064 3892 prediximus
1079 3809 1196 3875 ordine

118 4006 149 4074 ‚3
166 3991 276 4050 censeri
287 3991 396 4064 dicunt]
410 4009 525 4050 oensem
536 3993 641 4050 debent
654 3993 692 4050 C.
702 4009 828 4077 'censam
839 3993 935 4073 dicunt
950 3995 1069 4096 Ccorrt:
1093 3993 1195 4078 censiri

100 4203 642 4290 19-24ntequod...Dfsa20ulsqlt'i
697 4203 1037 4290 aocqmmunehdemN
1099 4202 1196 4286 arde·
1273 4251 1278 4262 .

143 4458 251 4494 unce
637 4446 668 4498 Μ
