3096 4832
327 273 388 342 13²
693 251 762 317 DE
783 248 1056 319 SCACCARIO
1290 244 1336 338 [11
1353 247 1390 315 i'x
1407 263 1429 314 s

324 445 364 490 ac
384 421 540 490 distincte
565 420 726 490 scribetur
755 422 819 488 ‘de
844 421 967 488 veteri'
994 423 1028 488 in
1055 420 1218 506 principio
1248 430 1284 487 et
1313 441 1429 486 conse-

324 537 464 612 quenter
478 534 486 563 ‘
498 528 541 593 de
555 521 664 592 noua!
716 525 777 592 Ad
791 524 853 592 hec
869 526 998 592 noueris
1016 535 1183 592 mutatum
1197 524 1428 590 vicecomitem

325 633 369 698 de
397 629 492 696 firma
521 631 624 696 veteri
650 631 930 696 summouendum
961 629 1047 698 sicut
1075 628 1259 714 quemlibet
1287 626 1429 693 aliorum

325 734 525 814 debitorum,
541 754 606 798 non
623 736 666 799 de
681 743 776 818 parte
790 734 860 800 eius
877 744 928 800 set
942 734 985 801 de
1003 734 1155 800 vniuerso
1168 734 1248 817 quia
1266 731 1362 796 firma
1378 740 1430 796 est

298 839 419 906 senius
437 837 560 906 solutio
579 836 700 905 differri
717 857 783 902 non
802 836 924 917 debet;
946 848 998 904 set
1016 837 1167 904 debitum
1184 835 1280 902 firme
1299 836 1430 912 veteris,

327 965 394 1029 quo
408 953 540 1010 tenetur
555 942 583 1008 is
597 943 654 1028 qui
669 941 778 1010 adhuc
790 942 966 1019 ministrat,
981 941 1102 1008 sufficit
1115 942 1178 1007 sub
1190 941 1254 1008 hoc
1269 948 1430 1024 pretextu

327 1049 504 1114 verborum
522 1047 762 1112 summonuisse
783 1045 957 1130 ‘quicquid
975 1046 1077 1112 debes
1095 1046 1139 1110 de
1157 1047 1260 1110 veteri
1282 1043 1380 1109 firma
1395 1055 1431 1109 et

330 1150 435 1219 noua'
462 1153 506 1218 de
531 1171 599 1234 quo
624 1151 705 1218 satis
730 1150 956 1233 supradictum
981 1159 1031 1216 est
1061 1144 1113 1239 [iu
1143 1148 1242 1216 titulo
1268 1150 1311 1214 de
1336 1168 1430 1213 sum·

293 1243 317 1287 ¹
331 1251 594 1344 monitionibus}
637 1255 716 1320 Post
738 1252 800 1320 hec
822 1261 943 1334 autem,
964 1252 1055 1320 lacto
1076 1251 1249 1320 interuallo
1270 1253 1364 1336 quasi
1387 1251 1431 1317 vi

292 1311 318 1360 Α

285 1389 316 1428 ιο
331 1359 499 1438 linearum,
518 1357 666 1443 sequitur
688 1365 864 1442 compotus
885 1358 929 1423 de
950 1357 1181 1424 excidentibus
1203 1366 1238 1423 et
1259 1356 1431 1441 occupatis
1524 1405 1525 1410 η

330 1465 421 1548 quod
447 1482 508 1528 nos
536 1461 688 1528 vsitatius
713 1461 854 1526 dicimus
879 1463 923 1528 de
950 1462 1169 1546 propresturis
1196 1472 1230 1526 et
1256 1460 1432 1527 eschaetis.
1524 1499 1525 1560 3

332 1568 372 1632 In
402 1567 513 1632 medio
535 1566 669 1651 quidem
700 1564 786 1631 linee
808 1564 848 1632 fit
868 1565 1056 1649 prenotatis
1080 1564 1198 1630 litteris
1222 1564 1431 1648 capitalibus,
1524 1587 1525 1634 3

331 1672 391 1738 Du
413 1683 688 1737 scorsum-urus
703 1683 751 1736 ar
772 1682 967 1748 escanr1s3
990 1671 1025 1734 in
1046 1670 1157 1755 capite
1173 1689 1251 1735 vero
1268 1670 1432 1734 interioris

331 1777 377 1842 sic
399 1777 565 1854 scribitur,
578 1780 586 1810 ‘
599 1774 696 1840 Idem
718 1774 903 1840 vicecomes
924 1773 1035 1842 reddit
1057 1783 1250 1858 compotum
1268 1775 1312 1839 de
1334 1772 1433 1838 firma

288 1907 317 1959 15
331 1889 616 1966 proprcsturarum
638 1887 674 1944 et
691 1886 906 1960 escaetarurn,
920 1877 1045 1943 scilicet
1066 1880 1111 1944 de
1132 1899 1166 1945 x.
1186 1877 1279 1943 libris
1300 1879 1344 1943 de
1365 1877 1431 1943 boc

332 1993 367 2050 et
386 2003 446 2048 xx.
467 1980 558 2047 libris
573 1985 617 2049 de
634 1978 710 2061 illo,'
732 1983 829 2048 etita
846 1982 1004 2066 ¹deinceps
1023 1981 1107 2048 sicut
1122 2001 1167 2047 err
1187 1980 1298 2049 rotulo
1321 1980 1432 2065 perlu·
1524 1983 1525 2060 ξ

331 2086 505 2154 strantium
527 2087 672 2154 iudicum
692 2095 770 2152 ante
795 2097 993 2170 conceptum
1017 2085 1122 2150 estin
1145 2085 1265 2163 annali,
1281 2089 1432 2150 ‘summa

332 2210 358 2254 c.
381 2187 481 2255 libre?
528 2189 660 2256 Dehinc
689 2191 723 2255 in
746 2189 811 2256 fine
841 2192 990 2256 eiusdem
1011 2189 1107 2269 linee,
1127 2189 1183 2254 vbi
1212 2209 1345 2256 summa
1370 2199 1431 2270 est,
1524 2243 1525 2272 ,

331 2293 485 2360 scribitur
511 2294 572 2360 ‘In
602 2295 758 2362 nesam
782 2315 844 2360 xx.
870 2293 971 2361 uuras
999 2294 1034 2358 sn
1059 2303 1111 2360 tot
1140 2293 1236 2360 taras
1266 2303 1300 2360 et
1330 2293 1432 2360 acuet

289 2425 320 2462 πο
332 2409 449 2484 quater
468 2419 528 2465 xx.
544 2397 730 2466 libras'vel
746 2399 804 2464 ‘In
819 2398 975 2464 thesauro
990 2397 1145 2464 liberauit
1163 2406 1197 2463 et
1212 2397 1345 2481 quietus
1359 2393 1429 2463 est.²

333 2503 463 2570 Horum
471 2513 583 2572 autem
592 2503 839 2570 scribendorum
847 2503 998 2568 ordinem
1009 2501 1114 2588 magis
1125 2500 1431 2586 oculatafidequaru
1524 2575 1525 2596 Σ

332 2607 508 2674 verborum
522 2605 729 2692 quantalibet
744 2617 980 2692 argumentosa
994 2605 1215 2689 descriptione
1226 2625 1417 2689 cognosces.
1524 2627 1525 2660 r

374 2709 571 2796 Discipulus.
616 2709 691 2795 Que
706 2710 774 2777 sint
787 2711 849 2775 hec
863 2709 1052 2776 excidentia
1065 2707 1119 2775 vel
1133 2718 1296 2794 occupata
1311 2717 1346 2773 et
1365 2729 1431 2792 qua

331 2814 460 2882 ratione
475 2815 555 2882 fisco
570 2815 767 2901 proueniant
781 2815 844 2879 nisi
860 2815 990 2900 plenius
1005 2814 1173 2898 aperueris
1186 2834 1253 2880 non
1271 2813 1381 2880 video.
1524 2869 1525 2892 ,

288 2941 318 2992 ²⁵
373 2919 555 3003 Magister..
594 2919 652 2986 Fit
677 2919 845 2985 interdum
875 2938 936 3004 per
967 2917 1204 3003 negligentiam
1227 2917 1431 2983 vicecomitis
1524 2971 1525 2992 ,

330 3021 385 3088 vel
406 3025 475 3090 eius
497 3023 730 3104 ministrorum,
745 3021 798 3088 vel
820 3023 922 3088 etiam
945 3041 1004 3106 per
1024 3022 1254 3088 continuatam
1275 3021 1310 3086 in
1330 3021 1430 3105 longa
1524 3037 1525 3048 ³

331 3135 482 3210 tempora
497 3127 650 3193 bellicam
668 3135 917 3212 tempestatem,
931 3135 968 3192 vt
983 3125 1176 3192 habitantes
1191 3145 1296 3210 prope
1311 3125 1432 3192 fundos
1524 3159 1525 3206 3

330 3229 388 3312 qui
411 3249 532 3296 corone
557 3229 814 3297 annominantur
839 3229 987 3312 aliquam
1013 3249 1128 3295 eorum
1155 3228 1343 3314 portionem
1369 3230 1431 3296 sibi

329 3343 489 3417 vsurpent
517 3342 553 3398 et
580 3333 647 3398 suis
677 3334 939 3419 possessionibus
967 3332 1142 3400 ascribant.
1202 3333 1289 3401 Cum
1319 3342 1429 3400 autem
1524 3325 1525 3378 l

286 3433 1272 3523 soperlustrantesiudicespersacramentumlegittimorum
1283 3437 1427 3503 virorum
1524 3463 1525 3524 ξ

329 3540 391 3606 hec
404 3539 690 3623 deprehenderint,
700 3561 850 3609 seorsum
864 3564 884 3608 a
896 3542 993 3608 firma
1003 3543 1183 3608 comitatus
1198 3543 1431 3625 appreciantur

294 3651 364 3712 Bet
385 3643 631 3710 vicecomitibus
653 3645 833 3712 traduntur
853 3655 891 3712 vt
912 3645 956 3712 de
979 3646 1102 3713 eisdem
1125 3665 1272 3712 seorsum
1294 3665 1432 3730 respon·
1524 3659 1525 3672 ¹

329 3748 449 3828 deant;
471 3757 505 3814 et
522 3746 585 3814 hec
602 3748 741 3814 dicimus
761 3747 1027 3834 ‘propresturas’
1046 3749 1101 3816 vel
1115 3747 1315 3835 ‘occupata'
1355 3748 1430 3834 Que
1524 3739 1525 3756 ¹

329 3850 464 3936 quidem
494 3868 570 3915 cum
599 3851 903 3937 deprehenduntur,
923 3874 944 3920 a
969 3853 1224 3940 possessoribus,
1247 3853 1333 3920 sicut
1357 3873 1429 3937 pre·

366 4047 614 4130 suousMadox:
633 4048 802 4106 novoCNR
898 4047 1109 4123 8qu01quaN
1150 4119 1156 4132 ¹
1205 4061 1237 4119 17
1250 4044 1431 4174 conceptumcl

329 4116 523 4260 {uului
567 4117 1253 4262 1...
1275 4134 1311 4191 2³
1329 4129 1394 4248 :u

330 4258 440 4312 riantur
452 4258 545 4313 ΜΕ
615 4271 650 4326 34
668 4256 744 4329 cum]
758 4259 866 4320 dumR
936 4261 1248 4334 comprehendunturR
1347 4205 1427 4264 plm-
