3086 4822
118 272 218 360 rvr]
479 275 842 346 osscaccnsro
1170 297 1212 368 75

116 447 188 514 tello
200 468 261 531 per
275 447 429 516 medium
439 447 527 516 talee
543 468 611 516 non
623 448 828 533 obliquando
842 449 929 518 sicut
943 449 982 518 lit
993 451 1026 518 in
1040 463 1209 538 argenteo.
1223 461 1246 513 1.

116 549 166 617 Sic
188 551 293 636 igitur
315 553 390 635 ipsa
412 551 561 618 locorum
582 553 759 637 dispositio
780 563 814 620 et
836 554 1002 622 incisionis
1025 556 1209 624 differentia

113 654 185 736 quid
205 675 347 721 aureum
361 654 414 722 vel
433 657 514 740 quid
533 656 577 722 sit
594 667 788 742 argenteum
808 667 984 743 utrumque
1001 659 1207 728 determinat.

114 755 263 824 Ceterum
278 761 481 843 oportunius
497 760 560 826 hec
575 761 688 827 omnia
701 760 773 826 visu
788 781 888 846 quam
902 762 1006 828 verbo
1019 783 1210 849 cognosces.

149 859 350 946 Dicamus.
394 863 496 947 Quod
517 865 562 930 de
584 863 647 931 hiis
668 873 772 932 restat
794 865 927 932 oculata
947 865 1014 933 fide
1036 869 1235 944 constabits

111 965 203 1032 Nunc
216 967 245 1034 si
265 967 382 1051 placet
397 969 441 1034 de
456 965 573 1034 officiis
589 987 798 1052 prosequere.

147 1068 329 1154 Magister.
375 1072 456 1136 Post
469 1071 568 1146 hunc.
583 1081 619 1138 vt
633 1091 734 1157 supra
748 1072 905 1152 diximus,
916 1071 1117 1156 interpositis
1131 1074 1208 1140 viris

110 1172 270 1257 aliquibus
291 1175 445 1242 discretis
462 1195 576 1260 arege
594 1175 710 1254 missis,
725 1176 845 1242 residet
860 1177 889 1241 is
907 1177 964 1261 qui
985 1197 1029 1242 ex
1049 1187 1208 1263 precepto

109 1277 189 1362 regis
203 1279 477 1364 computationes
490 1279 570 1346 iacit
584 1280 749 1365 positione
763 1300 976 1346 nummorum
992 1301 1054 1364 pro
1067 1280 1207 1348 calculis.

110 1379 262 1447 Officium
274 1383 413 1468 quidem
430 1383 512 1448 satis
522 1382 719 1468 perplexum
731 1392 783 1449 est
797 1393 831 1449 et
844 1382 1045 1448 laboriosum
1060 1403 1068 1464 ;
1089 1393 1123 1452 et
1139 1384 1208 1452 sine
1222 1407 1252 1446 ιο

108 1503 146 1550 eo
165 1485 223 1550 vix
245 1487 304 1552 vel
329 1507 499 1569 nunquam
524 1487 678 1554 scaccarii
700 1488 787 1554 ratio
809 1494 921 1571 posset
943 1487 1100 1571 expediri.
1148 1487 1208 1555 Set

109 1588 184 1654 nulli
199 1588 269 1657 illic
281 1589 440 1657 residenti
454 1591 609 1656 conuenit
619 1611 665 1656 ex
676 1589 785 1655 officio
800 1589 861 1654 nisi
876 1590 928 1657 cui
943 1611 1004 1655 rex
1015 1588 1070 1655 vel
1084 1591 1207 1658 iusticia

108 1694 316 1760 mandauerit
331 1694 575 1778 exequendum.
620 1693 841 1760 Laboriosum
851 1693 997 1776 inquam,
1007 1695 1087 1778 quia
1098 1704 1207 1762 cetera

107 1795 210 1862 officia
234 1797 355 1882 lingua
378 1797 432 1864 vel
458 1817 558 1864 manu
583 1798 638 1864 vel
666 1797 730 1862 hiis
757 1798 888 1863 duobus
912 1797 1101 1882 explentur.
1146 1798 1207 1866 Set

108 1897 213 1968 inhoc
228 1903 375 1988 ‘lingua
390 1923 516 1982 manus,
532 1901 619 1970 oculi
635 1921 728 1970 mens
745 1899 910 1966 indelessa
924 1899 1096 1968 laborant’
1220 1933 1251 1985 15

147 2005 258 2074 Huius
278 2015 394 2073 autem
413 2005 476 2071 hec
490 2015 541 2073 est
559 2006 643 2074 ratio
662 2006 846 2072 secundum
864 2014 1058 2072 consuetum
1074 2027 1204 2074 cursum

108 2110 257 2176 scaccarii
290 2129 359 2176 non
388 2108 518 2196 legibus
548 2109 748 2176 arismeticis.
799 2108 1002 2189 Memoriter,
1031 2118 1068 2175 vt
1097 2111 1205 2190 credo,

107 2212 228 2277 dixisse
250 2234 310 2280 me
337 2213 457 2280 retines
478 2215 642 2282 scaccario
667 2213 847 2298 superponi
865 2233 1013 2296 pannum
1035 2213 1132 2297 virgis
1155 2215 1204 2282 di·

107 2316 261 2384 stinctum
277 2319 315 2382 in
336 2319 430 2384 cuius
449 2317 636 2385 intersticiis
656 2315 840 2383 numerales
859 2317 969 2382 acerui
990 2314 1205 2383 collocantur.

109 2419 206 2488 Porro
220 2421 409 2488 calculator
423 2422 459 2487 in
474 2421 586 2488 medio
605 2419 719 2488 lateris
734 2421 855 2486 residet
869 2429 905 2485 vt
923 2427 1035 2503 pateat
1053 2420 1205 2486 omnibus
1219 2451 1251 2487 ιο

44 2600 46 2608 Ι
108 2535 139 2588 et
159 2533 194 2590 vt
219 2525 367 2592 liberum
389 2524 513 2593 habeat
535 2525 687 2592 ministra
709 2543 825 2588 manus
846 2542 1033 2588 excursum.
1078 2521 1205 2590 Statuit

107 2637 213 2696 autem
228 2630 277 2696 ad
292 2629 467 2696 dexteram
482 2629 515 2694 in
529 2628 638 2712 spatio
652 2627 806 2693 inferiore
820 2645 976 2691 aceruum
993 2644 1204 2692 nummorum
1216 2642 1246 2694 Μ

106 2731 147 2796 ab
171 2735 219 2800 xi.
245 2742 286 2800 et
309 2730 404 2798 inira.
458 2733 497 2798 In
523 2734 679 2812 secundo,
702 2730 883 2796 solidorum
912 2749 932 2794 a
958 2729 1030 2792 xix.
1055 2739 1089 2795 et
1113 2728 1203 2796 infra.

107 2833 145 2898 In
159 2838 258 2902 tertio
276 2856 355 2902 vero
370 2835 526 2900 librarum
538 2843 572 2900 et
586 2835 641 2901 hic
651 2835 787 2919 quidem
800 2833 863 2918 ipsi
879 2841 971 2900 recta
982 2832 1091 2898 fronte
1101 2834 1204 2899 debet

106 2940 235 3022 opponi,
251 2941 335 3024 quia
352 2939 480 3006 medius
497 2948 548 3006 est
568 2939 603 3004 in
621 2939 786 3004 consuetis
806 2938 973 3022 compotis
990 2937 1201 3003 uicecomitis.
1218 2967 1247 3020 ²5

109 3040 146 3106 ln
164 3055 288 3126 quarto
307 3063 443 3110 aceruus
461 3051 511 3108 est
530 3043 732 3128 vigenarum.
793 3040 833 3106 In
849 3041 967 3124 quinto
982 3051 1203 3121 centenamm,

105 3143 136 3209 in
159 3157 263 3216 sexto
287 3144 501 3224 millenarum,
525 3147 560 3212 in
585 3146 728 3231 septimo
749 3154 801 3210 set
822 3164 896 3210 raro
918 3145 1035 3210 decem
1061 3143 1202 3210 millium

105 3246 270 3316 librarum.
311 3249 403 3316 Raro
423 3249 568 3332 inquam,
586 3248 651 3316 hoc
669 3256 720 3314 est
734 3269 809 3315 cum
830 3269 851 3314 a
873 3267 952 3332 rege
969 3245 1022 3312 vel
1043 3247 1201 3316 mandato

105 3352 343 3438 eiusamagnis
351 3353 442 3439 regui
451 3352 868 3437 compotusathesaurario
876 3362 910 3417 et
919 3350 1101 3416 camerariis
1111 3351 1202 3436 regni

104 3457 204 3522 totius
226 3467 363 3542 recepte
383 3455 567 3543 suscipitur.
621 3455 717 3522 Licet
737 3465 850 3522 autem
871 3455 1060 3522 calculatori
1082 3476 1143 3541 pro
1165 3477 1200 3520 x.
1214 3484 1247 3536 30

105 3558 215 3626 solidis
223 3572 498 3645 argenteumpro
506 3581 541 3624 x.
551 3559 880 3636 verolibris,obulum
889 3578 1025 3624 aureum
1034 3578 1201 3645 apponere

105 3671 139 3730 vt
148 3673 328 3750 compotus
334 3663 524 3750 expeditius
539 3661 608 3728 fiat.
662 3661 860 3729 Cauendum
874 3682 954 3728 vero
964 3671 1069 3730 estne
1084 3683 1201 3728 manus

105 3768 297 3848 preambula
311 3766 459 3853 linguam
474 3766 647 3851 preueniat
661 3765 714 3832 vel
729 3787 749 3832 e
763 3785 944 3846 conuerso;
967 3775 1017 3834 set
1031 3766 1130 3831 simul
1144 3765 1201 3850 qui

106 3880 325 3957 computat‚et
334 3871 497 3938 calculm
507 3869 1053 3953 mittatetnumerumdesignetne
1061 3866 1104 3934 sit
1112 3888 1202 3934 error

139 4039 155 4095 3
171 4039 325 4100 utcumque
335 4027 373 4086 Ν
429 4027 447 4084 8
464 4037 494 4084 et
506 4025 609 4084 residet
621 4025 667 4084 his
677 4026 707 4082 R
768 4041 787 4097 9
803 4023 883 4096 iacit]
897 4025 946 4081 liat
959 4023 1021 4094 (sed
1028 4021 1161 4091 deletum)
1173 4024 1202 4078 R

107 4109 139 4152 12
156 4099 319 4156 uisiom.R
380 4098 532 4166 14velhiis
553 4097 699 4156 hechisR
759 4096 979 4154 arministratR
1027 4109 1201 4150 annumero·

107 4171 204 4224 rumN
254 4169 492 4228 menusanum
589 4167 869 4237 a7millenariuruN
909 4163 1200 4236 s9regni...oame·

107 4237 182 4296 ratiis
194 4241 298 4298 ΜΝ
385 4253 418 4310 31
434 4239 700 4297 solidis...decem
710 4238 804 4294 om.R
891 4250 972 4304 3aex
1009 4233 1201 4291 dictumst

106 4311 337 4381 aspernentur?
406 4311 628 4368 veleconuerso
640 4311 767 4366 Madox‘:
787 4306 832 4364 vel
844 4322 943 4363 euerso
978 4303 1039 4360 NR
