3086 4822
347 350 390 419 74
714 331 781 398 ns
804 307 1076 400 scnccnnro
1345 329 1374 419 [1
1389 344 1441 398 v1

345 525 450 589 penes
471 525 507 572 se
522 504 683 584 habuerit,
700 503 857 570 liberatus
876 523 943 570 non
966 505 1037 582 en't,
1051 513 1103 570 set
1124 521 1256 588 semper
1270 523 1442 570 summon-

347 609 461 675 endus.

387 711 584 798 Discipulur.
631 711 677 780 Et
691 712 753 779 hec
764 711 947 778 necessaria
956 711 1028 778 visa
1042 719 1131 776 sunt.
1168 710 1229 778 Set
1244 731 1444 796 prosequere

346 818 374 884 si
388 817 499 902 plaeet
514 819 556 884 de
571 815 695 882 officiis.

315 945 330 1000 ς
388 921 565 1006 Magister.
611 921 720 986 Immo
753 921 904 1001 quiade
932 917 1029 985 taleis
1061 919 1265 985 mentionem
1294 918 1444 1000 fecimus,

344 1045 413 1111 quo
435 1026 551 1090 ordine
572 1023 717 1090 taleandi
736 1026 822 1089 ratio
844 1024 1003 1090 consistat
1025 1025 1141 1108 paucis
1159 1024 1303 1089 aduerte
1341 1024 1445 1089 Tale-

343 1147 439 1196 arum
454 1129 556 1214 igitur
569 1128 636 1194 alia
655 1136 787 1212 estque
804 1127 994 1212 simpliciter
1013 1127 1103 1194 talea
1120 1127 1247 1206 dicitur,
1263 1128 1326 1193 alia
1340 1147 1444 1211 quam

345 1233 593 1300 memorandam
608 1251 848 1318 nuncupamus.
881 1232 1063 1316 Legittime
1073 1251 1153 1298 vero
1167 1233 1253 1298 talee
1268 1233 1446 1316 longitudo

344 1357 365 1402 a
394 1336 587 1402 summitate
608 1335 723 1401 indicis
745 1335 788 1400 ad
818 1337 1043 1402 summitatem
1072 1337 1199 1401 extenti
1224 1335 1350 1420 pollicis
1378 1347 1445 1403 est

300 1461 331 1502 ιο
346 1440 417 1506 Illic
432 1441 563 1508 terebro
577 1438 709 1506 modico
731 1439 927 1523 perforatur.
972 1439 1191 1506 Memoranda
1210 1459 1299 1522 vero,
1315 1460 1380 1524 que
1398 1442 1447 1505 de

345 1543 440 1611 firma
454 1544 573 1610 blanca
583 1563 715 1628 semper
728 1543 797 1608 fieri
815 1543 910 1623 solet,
924 1543 1025 1628 paulo
1040 1543 1171 1610 breuior
1184 1553 1237 1610 est
1251 1545 1339 1629 quia,
1350 1543 1446 1610 iacto

305 1663 332 1714 Κ
345 1651 450 1716 escaio
472 1669 532 1734 per
548 1648 640 1731 quod
657 1647 752 1713 firma
770 1646 952 1726 dealbatur,
966 1647 1073 1731 prima
1090 1647 1147 1714 illa
1163 1647 1378 1732 confringitur
1399 1661 1446 1730 et,

343 1753 498 1839 apposita
527 1752 589 1817 sibi
610 1751 699 1816 talea
721 1750 968 1830 combustionis,
991 1751 1077 1818 talee
1098 1751 1337 1836 longitudinem
1361 1762 1445 1819 tunc

344 1859 453 1942 primo
469 1864 620 1922 meretur.
666 1855 742 1921 Hac
758 1864 870 1921 autem
885 1854 1013 1921 ratione
1026 1853 1065 1920 fit
1084 1856 1208 1922 incisio.
1253 1857 1294 1922 In
1308 1876 1445 1924 summo

300 1981 330 2034 ¹⁵
344 1970 475 2046 ponunt
496 1981 539 2025 m.
555 1959 587 2026 li.
601 1959 649 2024 sic
665 1967 703 2025 vt
722 1959 838 2024 incisio
861 1959 933 2024 eius
953 1959 1173 2042 spissitudinis
1194 1959 1305 2044 palme
1329 1979 1446 2044 capax

343 2065 399 2143 sit,
413 2084 440 2130 c.
456 2063 488 2130 li.
502 2071 539 2128 vt
553 2062 683 2147 pollicis
700 2083 761 2127 xx.
776 2063 809 2128 li.
829 2072 866 2127 vt
889 2061 1091 2140 auricularis,
1105 2062 1189 2128 libre
1208 2064 1305 2130 vnius
1324 2065 1445 2130 incisio

344 2167 439 2250 quasi
464 2167 556 2250 grani
578 2167 671 2232 ordei
697 2166 865 2246 tumentis,
891 2164 988 2230 solidi
1013 2173 1091 2232 vero
1117 2169 1233 2244 minus
1260 2169 1307 2232 sic
1328 2176 1446 2233 mmen

343 2281 380 2336 vt
395 2291 440 2336 ex
462 2271 738 2336 conscissionibus
758 2267 831 2334 loco
850 2277 993 2335 vacuato
1014 2271 1164 2336 modicus
1180 2270 1225 2335 ibi
1246 2271 1357 2336 sulcus
1372 2270 1446 2338 fiat.

345 2373 510 2438 Denarius
532 2372 620 2439 iacta
642 2373 799 2438 incisione
825 2371 917 2436 nullo
938 2373 1076 2457 dempto
1098 2373 1256 2457 signatur.
1301 2374 1358 2439 Ex
1374 2395 1446 2458 qua

299 2501 331 2539 κο
343 2497 423 2543 vero
438 2488 533 2561 parte
554 2475 755 2542 millenarius
772 2476 926 2542 inciditur
946 2476 1048 2541 alium
1063 2497 1128 2541 non
1151 2495 1253 2560 pones
1267 2497 1446 2543 numerum

343 2581 405 2646 nisi
436 2583 520 2647 forte
549 2580 692 2646 mediam
721 2583 791 2645 eius
819 2588 949 2664 partem
979 2581 1027 2646 sic
1047 2591 1091 2646 ¹vt
1121 2582 1265 2647 mediam
1292 2580 1447 2648 similiter

343 2685 509 2752 incisionis
524 2687 595 2750 eius
612 2696 741 2768 partem
759 2684 876 2748 demas
896 2691 931 2748 et
950 2684 1034 2749 inira
1052 2687 1244 2750 constituas.
1289 2685 1346 2750 Sic
1361 2685 1403 2751 fir
1417 2688 1447 2751 si

342 2809 370 2856 c
386 2790 420 2855 li.
440 2791 600 2854 incisurus
619 2809 654 2853 es
673 2796 707 2852 et
725 2807 790 2854 non
810 2789 854 2852 sit
869 2786 915 2851 ibi
931 2788 1155 2866 millenarius;
1177 2788 1275 2854 iacies
1290 2791 1335 2855 sic
1350 2800 1385 2856 et
1401 2793 1447 2855 de

343 2915 404 2958 xx.
425 2895 480 2974 123
503 2895 606 2959 sicet
626 2893 669 2959 de
690 2913 752 2957 xx.
772 2892 885 2958 solidis
905 2911 991 2975 quos
1009 2892 1125 2958 libram
1143 2893 1294 2958 dicimus
1340 2893 1445 2978 Quod

299 3018 330 3070 25
343 2997 371 3062 si
387 2998 482 3062 multi
506 2996 677 3064 millenarii
696 2996 749 3061 vel
771 2997 952 3062 centenarii
971 2995 1025 3060 vel
1046 2998 1166 3080 vigene
1183 2995 1341 3062 librarum
1360 3001 1446 3064 inci-

343 3101 453 3166 dende
482 3111 561 3166 sunt
587 3101 643 3166 lex
668 3102 785 3167 eadem
811 3110 968 3178 seruetur,
996 3109 1034 3165 vt
1060 3121 1105 3164 ex
1131 3100 1319 3184 patentiore
1343 3111 1446 3184 parte

344 3205 492 3270 eiusdem
515 3205 609 3282 talee,
631 3205 696 3272 hoc
725 3216 777 3271 est
805 3225 872 3288 que
897 3205 1023 3270 directe
1045 3205 1105 3270 tibi
1130 3208 1326 3291 proponitur
1351 3205 1444 3274 facta

342 3307 566 3386 annotatione,
579 3309 683 3372 maior
697 3327 860 3389 numerus,
872 3329 916 3374 ex
931 3307 1036 3374 altera
1050 3329 1130 3392 vero
1146 3310 1253 3373 minor
1268 3311 1445 3376 incidatur.

344 3409 401 3474 Ex
426 3411 613 3493 patentiore
641 3431 719 3476 vero
745 3421 840 3494 parte
869 3431 999 3496 semper
1023 3421 1074 3477 est
1098 3413 1201 3477 maior
1226 3432 1381 3478 numerus
1406 3415 1446 3480 in

298 3539 331 3590 30
343 3532 485 3593 summo,
500 3533 544 3576 ex
564 3515 672 3578 minus
690 3523 826 3596 patente
845 3533 976 3599 semper
996 3516 1103 3580 minor
1119 3511 1198 3603 [hoc
1218 3526 1269 3581 est
1291 3513 1446 3606 denarii}

344 3617 459 3681 Marce
484 3617 610 3699 argenti
632 3618 676 3681 ad
696 3619 894 3684 scaccarium
914 3619 1028 3684 incisio
1048 3619 1120 3684 sola
1140 3619 1357 3703 significatiua
1375 3641 1447 3688 non

343 3728 403 3798 est,
417 3730 468 3786 set
484 3738 544 3804 per
557 3719 682 3784 solidos
700 3721 899 3805 designatur.
944 3723 1095 3788 Marcam
1110 3732 1222 3788 autem
1237 3723 1307 3788 auri
1322 3725 1356 3790 in
1373 3745 1447 3790 me·

342 3824 399 3891 dio
419 3821 506 3888 talee
525 3824 609 3888 sicut
632 3823 746 3890 libram
770 3845 871 3890 unam
892 3825 1025 3892 incidas.
1060 3827 1210 3892 Aureum
1233 3847 1312 3892 vero
1337 3848 1446 3894 vnum

277 3959 282 3968 ·
343 3946 410 3992 non
429 3945 561 4010 prorsus
577 3935 614 3990 vt
629 3937 823 4010 argenteum
844 3939 895 3994 set
916 3931 1018 3995 ducto
1041 3929 1163 3996 direcoe
1183 3931 1356 3996 incidentis
1373 3933 1447 3997 cul·

381 4055 538 4180 ¹{me
582 4053 1005 4182 {simplexcupgsqueadll'
1041 4057 1191 4142 rtlsetad
1230 4059 1445 4184 '¹423qu

342 4141 398 4252 πῖ
410 4197 435 4252 C
481 4136 682 4267 [inlii'plalfiffiss
689 4145 786 4279 'effice
797 4143 986 4254 omnim&
1001 4127 1450 4282 [gsd.[ir¹tcp51lr2csssa]1ticer3ss.ueg

344 4281 379 4321 aa
389 4265 420 4321 tit
432 4283 486 4322 om.
495 4267 555 4322 NR
595 4267 809 4335 aedecunusR
855 4269 1066 4324 adseruaturC
1110 4271 1240 4340 27qu1C
1267 4271 1371 4326 srbrN
1407 4287 1446 4343 ²9

343 4347 375 4391 vt
388 4337 591 4407 potentioreN
640 4338 798 4395 estomN
849 4353 880 4410 31
889 4343 958 4409 post
968 4339 1138 4396 Marceadd.
1150 4357 1215 4398 vero
1227 4341 1256 4411 C,
1265 4341 1444 4400 seddeletum
