3086 4822
328 313 370 377 ss
697 307 1059 378 uascnccnnro
1309 305 1339 402 [1
1353 284 1431 379 ur'c

293 485 365 556 Gin
388 482 549 570 superiori
572 482 735 550 scaccario
761 479 912 548 similiter
932 503 964 550 v.
1008 480 1159 566 Scriptor
1186 481 1372 549 cancellarii
1397 506 1429 550 v.

329 589 410 656 Duo
440 587 563 654 milites
591 585 694 652 baiuli
723 585 868 652 clauium
897 585 1037 670 quisqde
1065 585 1098 652 in
1126 585 1184 651 die
1205 585 1273 651 viii.
1300 587 1431 654 ratione

328 691 468 772 militie;
504 699 655 757 asserunt
684 691 770 755 enim
798 689 890 773 quod
918 689 1012 772 equis
1044 689 1238 754 necessariis
1267 699 1302 755 et
1330 691 1430 756 armis

327 793 477 860 instructi
500 793 572 861 fore
595 802 769 860 teneantur
793 803 830 858 vt
855 811 932 859 curn
957 792 1113 859 thesauro
1139 793 1230 859 missi
1257 793 1348 878 quod
1377 793 1429 858 sui

300 895 426 968 sofficii
443 894 542 963 luerit
563 897 760 982 oportunius
778 897 826 962 sic
847 905 1065 978 exequantur.
1111 895 1209 961 Miles
1224 897 1430 979 argentarius

328 1001 387 1066 xii.
399 1001 432 1064 in
443 1001 506 1066 die
530 1001 677 1066 Fusorv.
708 999 896 1066 Hostiarius
907 999 1041 1066 maioris
1052 999 1204 1065 scaccarii
1216 1021 1248 1065 v.
1278 999 1431 1084 Quatuor

328 1113 576 1190 computatores
596 1105 734 1190 quisque
761 1103 804 1169 iii.
825 1103 853 1168 si
878 1101 1064 1170 Londoniis
1086 1112 1173 1180 sunt,
1197 1105 1225 1170 si
1248 1103 1430 1180 Wintonie,

328 1209 407 1292 quia
432 1209 511 1275 inde
535 1207 645 1274 solent
670 1207 804 1286 assumi,
827 1207 860 1272 ii.
882 1205 1024 1292 quisque
1049 1205 1159 1274 habet
1202 1206 1301 1291 Vigil,
1326 1227 1428 1273 vnum

327 1311 509 1378 denarium.
545 1310 604 1378 Ad
635 1309 747 1376 lumen
777 1311 935 1394 cuiusque
971 1311 1078 1376 noctis
1108 1311 1193 1376 circa
1228 1311 1430 1388 thesaurum

284 1438 315 1476 ro
327 1414 454 1480 obulus
1397 1499 1401 1508 ι

370 1519 567 1604 ΒιὶςειΜω.
608 1517 799 1584 Hostiarius
812 1514 958 1585 thesauri
974 1535 1043 1602 qua
1056 1517 1183 1583 ratione
1197 1516 1428 1584 liberationem

326 1622 417 1689 solus
432 1641 499 1688 non
513 1621 676 1706 percipit?

370 1725 546 1808 Magister.
581 1725 659 1790 Non
670 1725 751 1790 satis
760 1722 848 1804 noui,
859 1723 918 1789 sed
933 1733 1047 1790 tamen
1063 1723 1142 1808 quia
1155 1723 1287 1789 videtur
1301 1722 1429 1808 aliquid

328 1831 494 1913 percipere
509 1829 634 1896 ratione
646 1829 746 1894 hostii
762 1839 796 1894 et
814 1849 877 1913 pro
896 1828 1077 1894 londorum
1097 1838 1132 1892 et
1150 1827 1314 1894 talearum
1333 1829 1430 1893 mini-

284 1954 314 2006 ¹5
327 1933 428 1998 sterio
446 1931 676 1999 liberationem
692 1931 777 1998 sorte
793 1953 859 1998 non
874 1931 992 2017 recipit
1005 1929 1059 1996 vel
1078 1931 1163 1997 lorte
1177 1931 1255 2015 quia
1274 1952 1341 1998 non
1359 1933 1430 2017 regi

327 2036 387 2101 sed
406 2037 511 2118 magis
531 2035 734 2102 thesaurario
757 2045 790 2100 et
812 2035 999 2102 camerariis
1021 2036 1144 2100 seruire
1158 2037 1290 2102 videtur
1303 2036 1336 2100 in
1351 2057 1429 2102 cus-

328 2139 420 2204 todia
439 2138 537 2205 hostii
557 2139 678 2205 domus
697 2159 823 2207 eorum.
867 2139 942 2205 Hac
961 2137 1035 2224 lege
1053 2139 1188 2205 minoris
1206 2139 1359 2205 scaccarii
1373 2139 1430 2204 vel

327 2251 459 2326 recepte
474 2242 558 2308 ratio
573 2242 730 2310 subsistit.

369 2345 565 2430 Dactpulus.
611 2346 667 2413 Sic
682 2346 783 2412 michi
797 2344 1003 2420 satisfactum
1018 2355 1068 2412 est
1090 2345 1123 2410 in
1138 2343 1201 2410 hac
1216 2355 1311 2431 parte
1328 2354 1365 2410 vt
1380 2343 1430 2411 nil

283 2473 314 2511 20
327 2450 444 2516 deesse
458 2451 617 2516 videatur.
659 2451 756 2515 Nunc
772 2471 851 2534 ergo
866 2451 894 2514 si
908 2449 1017 2532 placet
1030 2467 1230 2533 prosequere
1240 2451 1283 2516 de
1294 2449 1429 2514 maiore.

263 2549 313 2609 11¹1
369 2554 544 2638 Magister.
601 2553 695 2619 Licet
718 2573 832 2618 eorum
855 2553 911 2638 qui
932 2555 976 2620 ad
1000 2553 1106 2618 maius
1128 2553 1326 2618 scaccarium
1347 2553 1431 2618 resi·

288 2631 313 2679 A
327 2661 416 2740 dent,
436 2657 545 2725 officia
565 2657 766 2741 quibusdam
787 2658 963 2724 videantur
985 2656 1243 2742 proprietatibus
1265 2676 1338 2722 esse
1361 2657 1431 2722 dis·

325 2765 430 2830 tincta
445 2783 546 2828 vnum
561 2771 673 2829 tamen
688 2759 834 2838 officium
854 2760 1001 2826 omnium
1015 2770 1068 2824 est
1082 2769 1117 2824 et
1134 2758 1276 2825 intentio
1290 2769 1327 2824 vt
1342 2761 1431 2844 regis

325 2867 458 2934 utilitati
482 2867 694 2951 prospiciant,
717 2865 809 2930 salua
831 2873 945 2930 tamen
965 2865 1122 2947 equitate,
1145 2864 1325 2929 secundum
1348 2883 1430 2928 con·

283 2987 313 3038 ²⁵
326 2971 459 3037 stitutas
487 2972 577 3054 leges
603 2969 766 3037 scaccarii.
812 2968 896 3032 Eius
925 2977 1038 3032 autem
1064 2967 1150 3034 ratio
1181 2964 1234 3030 vel
1263 2967 1431 3032 institutio

324 3093 403 3140 curn
417 3075 491 3158 ipsa
506 3073 663 3159 temporis
681 3073 881 3156 antiquitate
898 3081 970 3136 tum
991 3089 1186 3155 magnorum
1201 3070 1259 3154 qui
1279 3069 1431 3136 assident

326 3179 523 3242 auctoritate
541 3179 696 3243 roborata
713 3177 869 3242 subsistit.
906 3174 965 3239 Ab
984 3175 1056 3258 ipsa
1073 3194 1217 3258 namque
1235 3174 1326 3257 regni
1348 3193 1431 3239 con·

326 3279 501 3361 quisitione
513 3301 572 3364 per
583 3301 693 3366 regern
706 3279 910 3345 Willelmurn
919 3279 1007 3344 lacta
1022 3278 1148 3362 cepisse
1159 3278 1280 3343 dicitur
1291 3289 1432 3361 sumpta

327 3391 440 3447 tamen
462 3383 564 3465 ipsius
587 3386 714 3450 ratione
744 3383 948 3449 ascaccario
969 3382 1198 3447 transmarino.
1242 3380 1369 3446 Verum
1393 3382 1430 3448 in
1541 3409 1542 3418 ¹

282 3503 314 3554 30
327 3482 476 3569 plurimis
485 3494 519 3550 et
530 3505 617 3569 pene
628 3487 807 3552 maioribus
819 3485 987 3552 dissident.
1014 3484 1102 3551 Sunt
1112 3485 1213 3551 etiam
1225 3485 1281 3568 qui
1291 3485 1433 3553 credant
1541 3501 1542 3506 ’

325 3607 422 3654 vsum
448 3589 520 3653 eius
545 3588 607 3653 sub
633 3590 763 3674 regibus
792 3589 945 3674 Anglicis
975 3590 1128 3654 extitisse
1153 3589 1231 3654 hinc
1256 3597 1431 3657 sumentes
1541 3599 1542 3650 l

325 3690 424 3756 huius
440 3693 485 3756 rei
508 3701 741 3776 argumentum
763 3693 853 3777 quod
877 3691 984 3758 coloni
1006 3703 1039 3758 et
1060 3693 1125 3756 iarn
1147 3693 1306 3776 decrepiti
1328 3711 1431 3758 senes
1541 3711 1542 3722 ²

325 3794 504 3862 fundorum
519 3795 649 3860 illorum
665 3797 722 3880 qui
741 3817 861 3863 corone
878 3797 1137 3861 annominantur
1155 3815 1296 3879 quorum
1313 3795 1347 3859 in
1361 3795 1432 3864 hiis
1541 3779 1542 3821 l

326 3917 410 3964 cana
430 3899 588 3965 memoria
610 3909 662 3964 est
684 3900 811 3984 optime
832 3900 986 3965 nouerint
1008 3921 1028 3964 a
1052 3897 1203 3982 patribus
1224 3899 1292 3964 suis
1314 3899 1430 3965 edocti

363 4073 408 4132 50
447 4057 568 4201 rtunius}
578 4070 740 4132 apostumos
750 4061 797 4115 N:
817 4061 905 4115 om.R
1010 4060 1028 4116 6
1034 4063 1104 4132 post
1115 4059 1238 4118 xitadrt
1251 4060 1383 4116 denarios
1398 4062 1437 4116 N

326 4143 398 4198 7-14
423 4141 553 4214 computa
566 4128 883 4188 tores...rationeN'
1017 4135 1115 4201 7post
1125 4131 1162 4185 iii.
1172 4132 1237 4186 add.
1250 4131 1436 4216 denariosN

326 4201 426 4322 Lunclll'
429 4201 575 4324 er21ermrto
578 4201 634 4326 Ilrlel
635 4269 660 4325 d
661 4215 711 4326 8¹12}
724 4218 782 4325 qua
793 4200 885 4255 συιδ
956 4215 988 4256 12
1007 4200 1197 4258 solusmN
1250 4215 1284 4270 23
1298 4219 1431 4258 omarum
1538 4247 1541 4264 .

325 4285 423 4408 &piri
436 4287 615 4412 seue4s1lquge
625 4341 682 4396 duo
693 4341 780 4395 verba
788 4341 904 4409 puncn's
914 4341 1029 4411 deleuit)
1043 4341 1080 4396 N
1164 4357 1199 4412 3²
1217 4343 1257 4398 rei
1270 4341 1354 4400 huius
1366 4345 1432 4401 NR

803 4284 839 4339 29
856 4269 963 4325 ratione
971 4271 1060 4341 ipsius
1074 4272 1099 4328 C
1155 4287 1186 4341 31
1202 4276 1270 4342 post
1281 4271 1348 4327 hinc
1358 4273 1430 4328 adra
