3096 4832
113 313 212 410 nn]
464 315 532 384 nu
555 315 839 416 scnccnnro
1159 317 1200 401 87

111 493 189 559 duoa
208 490 346 578 percipit
367 489 519 557 denarios
538 510 601 575 pro
619 489 774 556 examine
793 488 878 557 sicut
897 489 1054 559 diximus,
1098 489 1201 576 Quod

111 596 136 660 si
159 596 271 680 quouis
295 615 379 660 casu
406 594 497 661 aliud
520 594 643 660 iaceret
669 595 770 660 ctiam
794 595 937 662 sitertio
958 595 1201 662 examinauerit

109 719 171 764 non
185 699 340 787 percipiet
359 698 549 783 quicquam,
563 697 622 765 sed
643 708 818 766 contentus
838 699 901 764 erit
920 699 1022 765 semel
1036 701 1200 784 susceptis

108 803 241 868 duobus.

145 906 338 992 Discr'pulus.
384 905 492 972 Miror
513 927 534 973 a
555 906 666 990 tantis
678 915 807 992 tantam
825 906 975 974 adhiberi
994 907 1229 993 diligentiams

106 1009 243 1076 inuniua
257 1009 342 1077 libre
356 1009 612 1088 examinatione,
626 1030 703 1079 cum
718 1029 779 1076 nec
794 1031 935 1096 magnus
949 1029 995 1076 ex
1009 1032 1049 1077 ea
1062 1021 1200 1096 questus

105 1133 162 1180 nec
176 1115 280 1180 multa
293 1114 421 1182 'nactura
435 1115 615 1199 proueniat.
962 1155 965 1162 ·

142 1217 316 1302 Magister.
362 1218 442 1282 Non
474 1228 610 1302 propter
637 1217 722 1285 hanc
755 1227 888 1286 tantum
920 1217 1006 1284 fiunt
1039 1217 1109 1296 hec,
1139 1219 1199 1285 sed

103 1331 233 1406 propter
251 1342 370 1388 omnes
392 1321 465 1386 sslas
486 1342 552 1405 que
573 1322 616 1388 ab
639 1323 758 1389 eodem
780 1323 976 1389 vicecomite
996 1320 1058 1388 sub
1079 1323 1199 1388 eodem

104 1425 231 1490 nomine
247 1425 344 1491 firme
358 1423 457 1492 simul
473 1445 550 1491 cum
565 1424 628 1492 hac
643 1424 883 1510 persoluuntur.
928 1425 1100 1511 Quantum
1111 1427 1198 1491 enim
1213 1449 1244 1486 ιο

102 1529 142 1593 ab
156 1529 219 1594 hac
235 1529 319 1595 libra
334 1549 395 1614 per
409 1529 521 1614 ignem
535 1530 760 1617 purgatorium
775 1530 910 1608 decidit,
927 1531 1137 1597 tantumdem
1152 1550 1198 1596 ex

102 1632 234 1717 singulis
247 1632 322 1699 aliis
335 1631 430 1698 libris
447 1635 575 1699 nouerit
590 1635 773 1701 vicecomes
790 1635 833 1700 de
849 1654 979 1699 summa
991 1654 1052 1698 sua
1069 1635 1198 1700 subtra-

102 1735 263 1815 hendum
290 1747 329 1804 vt
350 1737 378 1803 si
401 1747 536 1804 centnm
558 1737 659 1804 libras
681 1748 870 1804 numeratas
890 1737 1026 1804 soluerit
1047 1747 1082 1803 et
1112 1737 1197 1804 libra

102 1841 263 1906 examinis
283 1840 345 1906 xii.
365 1840 508 1908 denariis
531 1841 693 1908 exciderit
718 1863 786 1908 non
813 1852 1047 1928 computentur
1074 1843 1104 1907 ei
1133 1841 1198 1906 nisi

101 1945 280 2029 nonaginta
294 1945 451 2028 quinque.
1212 1964 1243 2018 ¹5

139 2047 336 2132 Delaman
375 2048 1198 2136 Nuncviderevldeorqnestumexhiisprouenire

102 2171 197 2234 posse
211 2173 278 2218 non
294 2152 474 2232 modicum,
488 2154 546 2217 sed
562 2153 615 2218 cni
629 2153 745 2220 cedere
759 2152 880 2220 debeat
896 2154 1021 2238 ignoro.

138 2256 316 2339 Magister.
361 2255 474 2322 Semel
489 2257 615 2322 dictum
631 2265 690 2335 est,
706 2263 740 2322 et
755 2276 887 2340 semper
907 2257 1116 2343 intelligatur,
1133 2258 1196 2325 soli

99 2359 187 2444 regie
200 2360 336 2425 utilitati
351 2360 386 2425 in
399 2361 555 2427 omnibus
570 2358 634 2425 hiis
649 2361 772 2427 seruiri.
827 2359 923 2428 Licet
936 2373 1049 2428 autem
1068 2385 1090 2430 a
1106 2363 1196 2429 talea

99 2463 302 2530 vicecomitis
324 2464 512 2531 combustio
532 2463 734 2543 detrahatur,
750 2465 892 2531 mittitur
912 2474 1025 2532 tamen
1046 2487 1194 2532 scorsum
1211 2490 1242 2527 πο

98 2567 130 2631 in
145 2567 268 2632 taleam
284 2566 424 2633 alteram
438 2567 624 2633 breuiorem
637 2578 674 2634 vt
689 2569 733 2633 de
747 2588 878 2635 summa
891 2569 961 2634 eius
975 2568 1196 2634 thesaurarius

98 2680 131 2737 et
145 2670 317 2738 camerarii
335 2671 566 2755 respondeant
611 2671 791 2738 Sciendum
812 2692 892 2736 vero
915 2673 1006 2756 quod
1028 2671 1196 2757 perhanc

97 2775 220 2842 taleam
244 2775 483 2842 combustionis
505 2775 680 2842 dealbatur
701 2775 797 2840 firma
817 2775 1026 2855 vicecomitis,
1048 2777 1136 2842 vnde
1161 2776 1196 2841 in

97 2880 324 2944 testimonium
339 2877 435 2944 huius
450 2878 497 2943 rei
512 2899 643 2964 semper
657 2879 772 2943 maiori
788 2878 875 2945 talee
888 2898 1038 2963 appensa
1051 2878 1195 2946 coheret.

137 2981 336 3066 Ducipulus.
383 2981 497 3047 Pulsat
518 2982 627 3050 adhuc
645 3003 700 3048 me
722 2983 852 3066 questio
874 3003 940 3049 non
962 2983 1131 3050 dissimilis
1149 2977 1240 3096 illiJ⁵

94 3105 198 3168 quam
215 3087 249 3149 in
264 3085 400 3170 agendis
414 3085 573 3151 inferioris
585 3087 740 3151 scaccarii
755 3087 967 3173 proposuisse
977 3107 1030 3153 me
1041 3087 1195 3165 memini;

94 3208 198 3274 quare
215 3188 367 3255 videlicet
382 3189 467 3256 libra
478 3209 544 3256 nna
558 3188 633 3274 plus
647 3190 750 3256 altera
765 3191 898 3258 decidat
909 3211 984 3256 cum
1000 3213 1060 3276 par
1074 3191 1196 3259 debeat

95 3313 169 3358 esse
184 3293 333 3360 conditio
349 3294 500 3359 omnium
518 3294 725 3378 operantium
741 3293 775 3359 in
791 3305 934 3362 moneta.

136 3396 315 3480 Magum.
358 3395 419 3463 Ad
444 3397 529 3463 hanc
554 3398 639 3463 sicut
664 3399 706 3464 ad
731 3396 821 3464 illam
847 3399 1053 3483 questionem
1075 3399 1196 3469 sufficit

93 3499 297 3584 respondere
306 3498 377 3564 fieri
389 3520 489 3583 posse
503 3499 568 3567 hoc
582 3521 643 3584 per
651 3499 800 3566 falsarios
812 3511 845 3566 et
856 3521 1065 3568 nummorum
1076 3504 1194 3571 deton·
1208 3522 1241 3574 ³0

91 3625 193 3670 sores
238 3604 389 3670 Fuerunt
406 3616 519 3671 autem
542 3604 599 3688 qui
621 3607 802 3684 crederent,
817 3606 936 3688 quibus
958 3627 1018 3673 nec
1041 3628 1104 3693 ego
1126 3607 1195 3674 dis·

92 3709 211 3786 sentio,
218 3727 286 3774 non
297 3707 572 3792 esselegittimam
582 3709 674 3793 regni
682 3708 956 3776 huiusmonetam
965 3711 993 3775 si
1002 3712 1195 3777 examinata

91 3811 177 3878 libra
198 3812 333 3878 decidat
353 3810 429 3895 ,plus
453 3831 556 3895 quam
579 3813 621 3879 vl.
646 3833 667 3878 a
691 3814 842 3897 pondere
864 3833 929 3898 que
951 3825 1123 3881 numerata
1144 3835 1195 3881 re·

91 3919 253 4002 spondet3
292 3923 328 3981 et
364 3915 466 3981 etiam
501 3917 648 3982 delatam
686 3917 729 3984 ad
767 3919 965 3984 scaccarium
1005 3918 1196 3985 huiusmodi

126 4128 219 4183 3non
234 4111 312 4185 perc'
327 4111 352 4168 C
360 4127 535 4194 cmmarg.
677 4111 827 4184 quicquam
838 4113 912 4170 RN:
931 4112 1064 4170 lamnam
1075 4113 1198 4169 habetC

95 4184 295 4254 13censnmR
346 4184 377 4238 18
383 4187 453 4265 post
464 4185 515 4238 soli
524 4182 589 4238 add
598 4181 753 4266 rationelt'
801 4183 1046 4268 andetrahetan
1096 4196 1192 4262 apap-

90 4254 301 4385 {ructata
318 4253 599 4396 ”dili-plinii:
619 4255 900 4395 titulatum
908 4251 1180 4394 tellum?
