3096 4832
123 299 241 396 1er]
495 308 562 376 ou
585 308 860 380 scnccnmo
1187 314 1227 398 85

123 487 178 545 ert
192 479 288 564 igitur
297 479 350 545 vir
364 479 440 561 iste,
451 481 588 549 mutatis
598 482 697 549 rebus
708 483 884 569 prosperis,
894 483 962 550 vite
975 503 1035 552 sue
1046 484 1227 564 consulere,

121 591 158 648 et
180 582 257 649 licet
276 593 410 668 pateret
434 584 465 650 ei
487 605 564 650 cum
586 606 718 653 summo
740 587 868 654 honore
888 607 1040 656 accessus
1060 591 1104 655 ad
1128 611 1229 675 regna

121 685 400 768 plurima,tamen
412 687 601 773 frequenter
611 699 749 758 vocatus
759 691 803 757 ab
816 690 932 757 illustri
944 711 1021 777 rege
1035 693 1226 779 Anglorum

121 789 281 870 Henrico,
310 811 390 858 cum
409 791 501 858 fama
525 793 665 860 veritate
687 794 761 878 ipsa
781 795 889 860 minor
913 804 973 872 est,
999 795 1157 882 preelegit
1182 799 1227 863 ad
1353 799 1356 808 '

119 887 235 956 natale
247 890 357 956 solum
369 901 405 958 et
419 893 659 960 successorium
670 913 709 960 ac
725 893 925 978 singularem
940 895 1114 962 dominum
1129 908 1255 963 suumt

119 990 292 1056 accedere.
336 989 520 1076 Susceptus
539 993 641 1079 igitur
655 995 700 1060 ab
720 993 793 1078 ipso
811 994 896 1060 sicut
913 1004 1090 1078 utrumque
1104 995 1227 1074 decuit,

118 1089 202 1174 quia
218 1092 309 1175 apud
325 1089 476 1158 Siculum
497 1093 626 1178 maguis
639 1092 837 1172 intenderat,
849 1093 904 1161 hic
922 1095 1023 1160 etiam
1042 1093 1086 1160 ad
1104 1115 1228 1178 magna

119 1194 304 1278 deputatur
318 1195 474 1261 scaccarii
488 1195 630 1281 negotia.
675 1194 733 1263 Sic
755 1196 856 1282 igitur
877 1207 911 1263 et
933 1196 1043 1262 locum
1065 1205 1100 1263 et
1121 1197 1262 1281 digni-s

118 1299 203 1364 tatis
214 1297 362 1364 officium
373 1300 517 1382 adeptus
532 1310 593 1379 est,
604 1301 648 1367 ad
663 1300 811 1384 quelibet
822 1301 922 1367 etiam
937 1300 1091 1366 scaccarii
1107 1321 1228 1386 magna

118 1401 257 1486 negotia
275 1421 353 1466 cum
367 1402 498 1486 magnis
513 1404 701 1469 assumitur.
746 1402 803 1471 Sic
822 1403 925 1471 habes
942 1405 1091 1469 omnium
1108 1404 1166 1489 qui
1182 1404 1225 1470 ad
1242 1431 1273 1474 ιο

118 1505 233 1572 maius
254 1507 456 1572 scaccarium
477 1527 522 1572 ex
537 1507 647 1573 officio
665 1508 812 1574 resident
833 1509 905 1574 iura
925 1507 1091 1574 distincta.
1137 1505 1226 1573 Con·

117 1629 264 1692 sequens
286 1617 401 1674 autem
428 1616 479 1674 est
502 1610 536 1674 ni
558 1610 653 1677 fallor
674 1621 713 1676 vt
737 1631 802 1694 que
823 1611 889 1676 sint
911 1629 1027 1676 eorum
1047 1609 1228 1694 dignitates

119 1713 253 1778 ratione
270 1713 424 1778 sessionis
440 1713 484 1778 ad
498 1715 698 1780 scaccarium
713 1733 959 1798 prosequamur.

165 1813 368 1897 Ddaffldus.
415 1815 524 1882 Immo
553 1817 581 1882 si
616 1816 728 1900 placet
756 1818 800 1883 de
831 1815 940 1882 officio
980 1815 1093 1882 militis
1125 1836 1226 1901 quem

119 1920 348 2004 argentarium
374 1919 466 1999 dicis,
489 1941 617 1987 necnon
642 1922 745 2000 etde
769 1921 887 1986 fusoris
912 1920 1019 1988 officio
1048 1920 1226 1988 dicendum
1242 1949 1271 2003 ¹⁵

119 2033 186 2090 ese
231 2021 321 2107 Quia
343 2043 421 2089 cum
442 2024 507 2090 sibi
528 2024 705 2092 videantur
725 2044 862 2091 annexa
881 2033 916 2091 et
938 2024 981 2090 ad
1004 2025 1111 2092 maius
1134 2045 1226 2094 scac-

121 2125 250 2192 carium
265 2125 467 2209 pertinentia
479 2126 650 2213 hucusque
666 2126 770 2195 dilata
784 2136 870 2194 sunt.

58 2273 64 2282 -
165 2229 348 2312 Mavister.
392 2228 502 2298 Cerno
527 2231 620 2315 quod
646 2240 680 2298 te
705 2231 944 2316 promissorum
975 2231 1134 2298 memoria
1159 2251 1227 2298 non

122 2334 271 2420 preterit,
294 2355 339 2400 ex
360 2354 429 2418 quo
451 2355 528 2420 spes
554 2345 645 2403 certa
661 2335 848 2420 concipitur
866 2337 958 2421 quod
982 2335 1105 2400 teiam
1129 2336 1227 2401 dictis

120 2459 191 2504 noo
204 2436 374 2505 fraudabit
388 2437 524 2504 obliuio.
569 2437 758 2507 Credebam
772 2459 853 2504 sane
867 2440 911 2505 de
925 2438 1039 2504 officiis
1054 2439 1115 2504 tibi
1128 2438 1228 2504 fuisse
1241 2466 1274 2506 ro

122 2541 333 2610 satisfactum
355 2542 435 2626 quia
459 2542 503 2607 de
525 2543 745 2610 residentibus
770 2543 814 2608 ad
836 2542 1036 2610 scaccarium
1060 2543 1227 2608 neminem

121 2647 402 2730 pretermiseram.
444 2644 504 2713 Set
518 2646 564 2711 hii
579 2647 623 2712 de
639 2646 762 2732 quibus
775 2667 1018 2730 commemoras
1035 2655 1141 2712 certas
1160 2665 1229 2712 non

121 2749 252 2816 habent
271 2749 334 2814 sibi
355 2748 533 2834 deputatas
549 2750 653 2830 sedes,
667 2749 773 2816 immo
792 2769 852 2834 pro
872 2749 1012 2834 imperio
1030 2749 1233 2833 presidentis

122 2851 179 2917 vel
194 2850 390 2917 thesaurarii
406 2871 504 2919 suum
518 2853 656 2938 explent
670 2852 824 2920 officium.

171 2954 275 3022 Porro
287 2955 380 3021 miles
395 2956 600 3040 argentarius
615 2956 659 3023 ab
672 2956 825 3023 inferiore
838 2955 1002 3023 scaccario
1016 2956 1061 3022 ad
1075 2954 1227 3040 superius
1241 2982 1272 3036 ²5

121 3057 233 3126 defert
247 3057 395 3126 loculum
410 3059 624 3126 examinandi
640 3060 769 3147 argenti
782 3061 875 3128 cuius
889 3081 990 3146 supra
1005 3060 1226 3126 meminimus.

124 3160 240 3246 Quem
253 3183 329 3228 cum
337 3162 483 3230 intulerit
493 3164 660 3249 signatum
669 3163 778 3248 sigillo
785 3164 997 3240 vicecomitis,
1008 3163 1071 3230 sub
1077 3163 1227 3229 omnium

122 3265 230 3333 oculis
255 3263 401 3352 effundit,
417 3267 453 3331 in
474 3265 639 3333 scaccario
663 3265 755 3332 xliiii.
777 3265 911 3345 solidos,
932 3287 1017 3352 quos
1042 3266 1086 3332 de
1107 3285 1227 3333 aceruo
1239 3286 1265 3340 G

122 3379 280 3452 sumptos
294 3369 387 3452 prius
403 3371 606 3456 signauerat,
619 3369 772 3453 factaque
789 3370 1031 3438 commixtione
1045 3370 1226 3437 eorundem

121 3481 164 3538 vt
189 3473 328 3558 ponderi
350 3473 587 3556 respondeant,
603 3473 707 3540 mittit
732 3474 767 3538 in
788 3493 891 3540 vnum
911 3474 1082 3540 vasculum
1103 3475 1274 3548 trutiueao

123 3575 246 3644 libram
266 3576 434 3660 ponderis,
454 3577 488 3641 in
511 3577 653 3644 alterum
678 3597 758 3644 vero
779 3577 822 3643 de
847 3577 990 3643 denariis
1013 3577 1104 3660 quod
1130 3596 1229 3663 opor·

123 3679 237 3747 tuerit.
283 3680 362 3764 Quo
376 3681 463 3748 sacto
480 3690 632 3748 numerat
649 3681 784 3747 eosdem
802 3691 839 3747 vt
857 3701 902 3746 ex
922 3701 1062 3746 numero
1076 3691 1229 3748 constare

123 3783 233 3868 possit
247 3784 276 3850 si
292 3783 444 3868 legittimi
459 3783 614 3868 ponderis
627 3784 702 3850 sint
739 3783 972 3868 Cuiuscunque
981 3803 1061 3850 vero
1072 3782 1230 3870 ponderis

124 3888 254 3954 inuenti
274 3887 396 3954 suerint
414 3907 563 3958 scorsum
585 3887 689 3956 mittit
708 3887 742 3953 in
761 3887 896 3971 ciphum
913 3887 1030 3954 libram
1047 3907 1146 3952 unam
1163 3884 1229 3952 hoc

123 4003 177 4059 est
191 4013 253 4058 xx.
267 3990 395 4058 solidos
409 4011 454 4058 ex
469 3991 591 4074 quibus
608 4010 752 4056 examen
774 3989 843 4069 fiat,
858 3988 1003 4074 reliquos
1019 4009 1098 4054 vero
1118 3983 1227 4052 xxiiii.
1241 4009 1273 4062 ³⁵

122 4093 253 4161 solidos
267 4092 372 4160 mittit
386 4091 421 4158 in
436 4092 592 4161 loculum.
636 4093 723 4160 Item
744 4093 812 4160 duo
832 4092 958 4158 denarii
977 4100 1089 4176 preter
1109 4087 1228 4152 libram

125 4259 610 4408 qubuffipsshcrobuffi‘bffc
649 4260 968 4404 dgfeelngtesgtmc
1018 4251 1227 4331 oquilibetN:
