3096 4832
295 311 298 316 ’
347 309 410 396 136
714 307 780 376 DE
803 305 1075 376 SCACCARIO
1316 303 1361 398 [11
1379 329 1404 374 x
1419 323 1444 374 s

344 480 504 549 Similiter
529 479 557 546 si
585 479 806 565 cuiuscunque
828 480 1028 549 conditionis
1058 480 1116 562 vir,
1138 479 1193 546 vel
1218 479 1446 566 cuiuscunque

344 585 471 652 domini
495 605 619 662 seruus,
641 594 701 652 aut
724 583 816 664 liber,
839 594 931 650 metu
957 585 1107 652 arctioris
1129 583 1232 651 assise
1254 605 1356 670 quam
1383 605 1447 651 rex

344 698 481 774 propter
508 686 686 755 sceleratos
713 687 894 766 constituit,
921 709 942 754 a
970 689 1051 755 sede
1080 708 1140 755 sua
1168 687 1297 772 fugerit,
1322 697 1358 755 et
1384 709 1448 773 per

342 792 543 860 constitutos
559 811 599 857 ac
618 791 693 876 lege
712 793 869 860 diffinitos
886 793 1044 858 terminos
1065 792 1127 858 iuri
1146 812 1184 858 se
1203 813 1270 857 non
1285 791 1447 876 optulerit

314 895 398 976 svel
418 896 637 973 excusauerit,
650 895 703 961 vel
725 897 827 962 etiam
849 895 887 975 si,
901 895 1107 962 acclamante
1128 896 1163 960 in
1185 895 1294 978 ipsum
1313 896 1447 974 vicinia,

305 1047 312 1096 5
342 1009 517 1086 suspectus
546 1007 580 1066 et
602 1001 819 1084 postmodum
848 998 1107 1084 comprehensus
1128 1018 1188 1083 per
1208 996 1318 1082 legem
1341 1000 1447 1066 assise

286 1163 289 1172 .
303 1101 305 1110 '
342 1103 557 1170 constitutam
569 1123 644 1168 reus
654 1102 787 1169 sceleris
796 1103 969 1170 conuictus
980 1100 1086 1181 suerit,
1097 1101 1209 1168 omnia
1223 1102 1294 1167 eius
1305 1102 1448 1168 mobilia

342 1204 423 1273 fisco
436 1208 567 1283 cedunt,
582 1206 769 1275 immobilia
784 1227 865 1273 vero
884 1206 1029 1272 dominis
1043 1205 1121 1272 suis.
1167 1205 1346 1271 Mobilium
1364 1227 1448 1272 vero

343 1311 449 1396 pretia
463 1331 523 1396 per
542 1329 678 1376 manum
693 1310 897 1377 vicecomitis
917 1311 961 1377 ad
981 1309 1181 1376 scaccarium
1200 1309 1394 1376 deseruntur
1410 1321 1449 1376 et

274 1481 277 1488 ,
300 1435 331 1480 ro
344 1415 378 1480 in
394 1413 504 1480 annali
521 1415 569 1482 sic
588 1423 797 1494 annotantur,
813 1414 897 1480 ‘Ille
915 1415 1101 1481 vicecomes
1118 1413 1228 1481 reddit
1245 1421 1448 1498 compotum

344 1519 388 1586 de
399 1517 526 1586 catallis
541 1517 756 1602 fugitiuorum
766 1518 819 1585 vel
836 1515 1064 1585 mutilatorum
1078 1536 1139 1602 per
1149 1517 1294 1596 assisam,
1310 1517 1353 1583 de
1368 1517 1449 1584 loco

308 1622 404 1695 cillo
426 1621 470 1688 N.
495 1622 620 1690 scilicet
643 1623 687 1688 de
712 1621 777 1689 boc
803 1643 835 1688 v.
858 1622 902 1688 de
924 1620 982 1687 illo
1003 1621 1047 1687 x.'
1070 1631 1105 1686 et
1128 1621 1177 1688 sic
1202 1621 1357 1706 deinceps
1383 1641 1450 1706 per

344 1725 476 1813 singula
496 1725 614 1810 capita,
630 1727 796 1810 expressis
818 1747 932 1792 eorum
952 1725 1143 1792 nominibus
1164 1735 1198 1791 et
1220 1725 1360 1792 summis
1377 1747 1449 1810 que

344 1832 388 1896 de
398 1828 526 1897 catallis
536 1829 743 1914 singulorum
755 1840 933 1915 exurgunt.
977 1830 1053 1896 Fiet
1064 1839 1176 1896 autem
1188 1831 1222 1895 in
1234 1830 1302 1896 fine
1312 1851 1450 1897 summa

299 1955 330 2008 η
343 1934 503 2014 omnium,
521 1944 556 2000 et
577 1935 665 2001 cirea
685 1932 785 2000 finem
803 1935 951 2001 eiusdem
970 1934 1066 2016 lines,
1087 1935 1120 2000 in
1142 1955 1209 2018 qua
1231 1954 1363 2001 summa
1383 1945 1450 2018 est,

343 2037 504 2104 scribetur
521 2037 582 2102 ‘In
597 2037 754 2105 thesauro
774 2038 821 2104 xl.
836 2037 920 2105 libre
933 2039 967 2104 in
981 2047 1033 2104 tot
1045 2037 1099 2104 vel
1114 2047 1166 2104 tot
1180 2039 1277 2104 taleis
1292 2047 1328 2104 et
1341 2038 1450 2105 debet

344 2161 379 2206 x.
401 2138 518 2206 libras'
540 2139 593 2207 vel
614 2141 680 2207 ‘Et
701 2143 831 2225 quietus
853 2141 922 2208 est’
969 2141 1044 2208 Hec
1067 2151 1152 2218 sunt,
1173 2140 1283 2222 irater,
1300 2161 1450 2224 quorum

343 2263 443 2327 supra
455 2244 675 2324 meminimus,
686 2245 1020 2330 queadscaccarium
1031 2245 1258 2311 avicecomite
1266 2245 1450 2312 deferenda

342 2358 377 2414 et
398 2345 558 2413 soluenda
579 2359 664 2424 sunt,
688 2349 788 2415 etiam
814 2349 842 2415 si
871 2347 1086 2414 summonitio
1116 2347 1207 2414 nulla
1237 2351 1449 2434 precesserit.
1538 2368 1539 2393 ¹

300 2469 331 2508 20
344 2451 398 2518 Sic
420 2461 456 2517 et
476 2451 657 2532 thesaurus,
675 2452 796 2518 effossa
816 2452 934 2521 tellure
954 2451 1009 2520 vel
1026 2453 1122 2519 aliter
1143 2453 1308 2519 inuentus.
1355 2453 1449 2520 Item

342 2575 418 2622 cum
439 2555 514 2641 quis
535 2554 656 2622 laicum
682 2555 821 2622 fundum
843 2557 970 2623 habens
989 2556 1043 2622 vel
1066 2557 1149 2623 ciuis
1173 2557 1275 2622 etiam
1302 2556 1450 2640 publicis
1537 2621 1538 2634 ἶ

342 2661 478 2726 inseruit
503 2659 617 2737 vsuris,
643 2659 670 2724 si
695 2659 750 2726 hic
772 2660 949 2728 intestatus
972 2661 1159 2737 decesserit,
1179 2659 1233 2725 vel
1255 2659 1358 2726 etiam
1380 2659 1450 2727 hiis
1537 2643 1538 2725 l

342 2785 426 2850 quos
449 2763 658 2830 defraudauit
687 2783 754 2829 non
782 2763 984 2830 satisfaciens
1013 2773 1252 2831 testamentum
1274 2763 1318 2830 de
1339 2785 1449 2850 praue

342 2869 513 2954 adquisitis
542 2867 632 2934 visus
660 2869 711 2934 est
740 2869 936 2944 condidisse,
957 2877 1011 2935 set
1039 2870 1156 2935 eadem
1183 2887 1252 2933 non
1273 2867 1450 2936 distribuit
1536 2945 1537 2962 χ

298 2983 329 3036 ²⁵
343 2973 447 3038 immo
470 2993 570 3058 penes
593 2991 629 3039 se
650 2973 837 3051 reseruauit,
861 2972 940 3056 quia
961 2972 1009 3037 sic
1034 2972 1222 3056 perquisitis
1248 2971 1448 3040 incumbens
1536 2981 1537 3059 l

340 3079 489 3144 animum
515 3075 706 3161 possidendi
727 3076 912 3142 deseruisse
935 3095 1003 3141 non
1028 3077 1182 3154 creditur,
1206 3076 1346 3159 pecunia
1373 3078 1448 3142 eius

342 3189 377 3245 et
398 3181 511 3245 omnia
531 3179 667 3245 mobilia
692 3163 990 3245 mox'infiscantur
1014 3190 1049 3246 et
1071 3199 1138 3244 non
1159 3179 1364 3245 summonita
1386 3201 1449 3265 per

342 3281 499 3348 officiales
530 3284 574 3348 ad
604 3281 814 3350 scaccarium·
836 3283 1036 3350 deseruntur.
1090 3282 1197 3348 Heres
1228 3292 1344 3348 autem
1376 3284 1448 3350 iam

341 3384 487 3450 defuncti
506 3384 610 3450 fundo
623 3396 763 3468 patemo
783 3396 818 3453 et
834 3386 904 3454 eius
919 3385 1146 3453 immobilibus
1162 3387 1228 3452 sibi
1245 3387 1305 3452 vix
1318 3385 1448 3454 relictis

296 3507 330 3558 ao
341 3488 496 3571 gaudeat.
1534 3565 1535 3570 ἵ

383 3588 579 3672 Discrbulus.
635 3589 693 3654 Ex
719 3593 888 3676 premissis
917 3613 983 3677 que
1011 3593 1055 3658 de
1083 3593 1322 3659 feneratoribus
1352 3595 1448 3664 dicta

340 3702 417 3758 sunt
436 3693 567 3778 questio
589 3695 700 3777 grauis
715 3695 872 3760 animum.
884 3695 994 3780 pulsat
1013 3714 1114 3779 quam
1133 3695 1263 3776 vellem,
1277 3697 1305 3761 si
1325 3699 1448 3783 placet,

341 3796 471 3881 plenius
485 3796 647 3881 expediri.
691 3798 817 3864 Dixisti
834 3800 923 3864 enim
946 3801 1044 3866 ‘cum
1066 3801 1142 3892 quis
1160 3800 1280 3866 laicum
1299 3802 1446 3870 fundum
1533 3853 1534 3866 r

340 3900 466 3968 habens
487 3900 541 3964 vel
563 3899 664 3965 etiam
687 3901 768 3966 ciuis
791 3901 931 3984 publicis
953 3903 1090 3969 inseruit
1112 3901 1241 3971 vsuris'
1263 3913 1299 3970 et
1321 3916 1448 3976 cetera

378 4067 391 4110 1
411 4051 845 4126 conditionis...cuiuscunque
862 4071 915 4112 one.
933 4057 962 4111 R
1049 4056 1220 4125 eterminos
1238 4074 1292 4113 om.
1305 4059 1335 4114 R
1429 4076 1448 4130 9

339 4123 513 4252 deseruntur)
527 4125 719 4182 reserunturC
789 4141 821 4183 12
840 4126 992 4183 illoom.R
1062 4129 1194 4186 uonnC
1258 4133 1367 4200 portu.
1380 4133 1449 4188 add.
1532 4169 1533 4174 κ

339 4198 407 4253 etC
477 4211 488 4252 ι
528 4196 730 4252 νεΙῑοῑοΜῖ
791 4208 823 4264 17
840 4196 1001 4253 velom.N
1062 4197 1294 4271 iraterlsuperR
1364 4217 1399 4276 19
1417 4215 1446 4258 et

339 4265 475 4322 soluenda
487 4269 581 4323 om.R
651 4281 683 4322 ar
704 4267 774 4324 ciuis
786 4267 914 4325 Madox:
933 4267 997 4340 quia
1010 4268 1093 4325 CNR
1162 4269 1340 4343 etiamJetC
1411 4288 1446 4329 as

339 4333 407 4405 hiis]
421 4337 485 4391 isR
555 4352 589 4408 32
607 4337 759 4409 grauiusC
834 4353 868 4410 34
886 4337 1083 4412 ciuislquisc
