3096 4832
111 321 223 414 rvrc]
474 269 544 391 'nn
567 322 843 392 scnccnruo
1171 325 1213 413 83

111 497 269 563 Testrlrus
289 495 353 562 hiis
372 494 420 561 ibi
442 492 727 563 adscaccariunu'
773 495 906 562 Horum
928 502 1042 563 autem
1064 495 1213 562 omnium

110 601 261 668 breuium
289 600 453 683 rescripta
481 621 584 684 penes
613 601 807 667 iamdictam
837 600 992 668 clericum
1021 600 1215 668 residebunt

109 703 143 770 in
164 705 393 771 testimonium
416 702 764 778 laetorumbreuium.
809 702 995 790 Originalia
1012 704 1100 770 enirn
1122 725 1214 772 com·

109 818 305 895 putatorum
319 807 376 874 vel
389 809 651 894 perdonatorum
660 809 775 876 breuia
789 809 902 875 forulis
913 809 1109 888 marescalli,
1118 808 1212 876 lactis
1221 863 1230 898 „

108 915 346 982 vicecomitum
362 914 540 998 compotis,
553 913 775 996 includuntur,
784 915 827 980 de
840 923 962 993 cetero,
972 912 1032 980 nisi
1044 912 1212 980 contentio
1225 929 1240 985 5

107 1019 153 1084 de
167 1019 219 1084 eis
234 1017 370 1096 oriatur,
392 1037 459 1083 non
480 1018 687 1102 exponenda
740 1016 843 1102 Quod
862 1025 976 1084 autem
994 1016 1038 1081 de
1057 1015 1213 1084 breuibus

107 1121 197 1205 regis
213 1120 355 1187 dicimus
377 1120 630 1205 intelligendum
645 1130 696 1188 est
710 1121 859 1189 similiter
873 1121 917 1187 de
936 1117 1093 1188 breuibus
1109 1119 1212 1204 presi·

106 1223 221 1290 dentis
239 1223 410 1290 iusticiarii
437 1233 569 1290 tantum
587 1245 663 1290 cum
680 1245 741 1291 rex
760 1223 880 1292 absens
895 1235 947 1292 est
970 1232 1005 1291 et
1022 1242 1098 1290 cum
1113 1221 1212 1308 sigilli

106 1328 181 1393 eius
196 1327 415 1410 impressione
434 1327 506 1393 iura
525 1329 618 1413 regni
632 1337 831 1406 statuuntur,
848 1339 882 1394 et
902 1348 1001 1395 cause
1020 1328 1162 1394 citantur
1175 1334 1212 1392 vt

106 1431 377 1498 condemnentur
401 1428 455 1496 vel
478 1430 694 1498 absoluantur
718 1432 775 1516 qui
800 1439 962 1497 vocantur
991 1431 1035 1497 ad
1064 1430 1212 1506 curiam;
1228 1449 1258 1488 ro

107 1545 260 1602 ceterum
282 1535 365 1599 dum
386 1554 449 1599 rex
477 1534 511 1599 in
532 1554 635 1620 regno
656 1535 780 1620 Anglie
800 1535 899 1600 luerit
919 1536 1035 1600 breuia
1059 1532 1213 1600 scaccarii

107 1639 248 1706 nomine
276 1639 369 1722 regio
398 1636 480 1703 fient
507 1639 571 1703 sub
603 1639 753 1705 eiusdem
782 1639 981 1722 presidentis
1008 1648 1042 1704 et
1075 1637 1212 1704 alicuius

106 1741 382 1825 alteriusmagni
402 1741 606 1808 testimonio.
644 1741 729 1827 Quis
748 1751 861 1809 autem
881 1743 925 1809 sit
944 1752 1042 1809 tenor
1060 1740 1211 1807 breuium

107 1847 244 1914 illorum
266 1864 333 1929 que
355 1846 630 1913 summonitiones
651 1847 803 1913 dicuntur
824 1845 954 1932 plenius
974 1844 1062 1912 infra
1083 1845 1213 1912 dicetur

106 1949 144 2014 in
160 1948 264 2014 titulo
278 1948 322 2014 de
336 1948 659 2016 summonitionibuu
1200 1961 1205 1974 '
1228 1963 1256 2019 ¹5

149 2051 300 2120 Clericus
311 2053 495 2119 cancellarii
505 2055 563 2138 qui
572 2053 650 2119 huic
660 2052 834 2137 proximus
846 2050 986 2128 est,licet
997 2073 1065 2117 non
1074 2055 1211 2140 proprio
1224 2077 1247 2130 c

107 2157 169 2223 sod
190 2157 301 2222 alieno
320 2157 457 2222 nomine
479 2157 607 2236 militet,
627 2158 757 2240 magnis
778 2166 891 2222 tamen
917 2165 1098 2240 occupatur
1119 2165 1154 2224 et
1176 2156 1211 2224 in

108 2261 219 2326 multa
233 2261 438 2344 distrahitur,
452 2261 537 2328 adeo
551 2271 588 2327 vt
602 2260 646 2326 ab
661 2260 733 2345 ipso
748 2259 841 2324 initio
855 2270 1090 2343 compotorum
1104 2280 1212 2345 usque
1219 2295 1228 2351 '.

107 2365 153 2432 ad
170 2363 272 2430 finem
287 2364 366 2429 inde
376 2363 476 2430 auelli
490 2384 557 2430 non
569 2365 685 2447 possit,
699 2365 762 2429 nisi
774 2362 860 2431 sorte
870 2363 951 2430 dum
965 2364 1031 2431 sibi
1045 2365 1211 2449 propitius

107 2477 164 2535 est
191 2469 372 2534 substituto
398 2466 531 2533 interim
559 2467 623 2532 sibi
651 2467 797 2534 discreto
824 2466 956 2534 vicario.
1003 2466 1092 2533 Huic
1122 2466 1211 2534 enim
1225 2493 1287 2554 ιο,

109 2573 222 2658 prima
236 2592 316 2638 cura
335 2579 386 2637 est
406 2581 483 2655 post
501 2571 741 2638 thesaurarium
759 2571 793 2637 in
815 2571 877 2635 hiis
897 2569 1050 2636 omnibus
1065 2589 1131 2654 que
1145 2570 1211 2636 illic

107 2686 281 2762 geruntur,
303 2674 449 2740 maxime
466 2683 580 2740 tamen
593 2675 682 2741 circa
700 2675 885 2740 rotulorum
900 2693 940 2739 ac
958 2671 1107 2739 breuium
1132 2673 1212 2739 scri·

107 2789 256 2865 prusam,
270 2779 304 2842 in
319 2778 383 2844 hiis
398 2777 485 2842 enim
502 2777 658 2863 precipue
671 2786 840 2859 versatur3

178 2883 290 2948 ‘Nam
304 2903 347 2946 ne
362 2881 447 2947 sorte
461 2877 511 2946 sui
524 2880 671 2948 mlamus
685 2881 853 2966 scriptoris
866 2878 1000 2946 aberret

201 2985 363 3072 Prospicit
376 2985 431 3052 hic
448 2985 550 3052 alium
564 2987 712 3070 sequitur
724 2986 807 3050 dum
821 2982 974 3072 passibus
988 2980 1101 3067 equis!
1225 3019 1238 3059 2
1241 3019 1255 3070 5

156 3089 245 3158 Item
270 3090 325 3158 hic
350 3091 497 3156 intuetur
518 3088 695 3176 diligenter
723 3089 858 3157 alterius
880 3089 957 3155 anni
979 3088 1124 3154 rotulum
1147 3088 1210 3154 sibi

105 3195 322 3283 propositum
337 3195 444 3262 donec
455 3215 476 3260 a
489 3195 683 3260 vicecomite
697 3193 905 3262 satisfactum
920 3191 1018 3259 luerit
1033 3193 1076 3260 de
1091 3193 1211 3261 debitis

103 3298 174 3366 hiis
188 3317 254 3382 que
272 3297 339 3362 illic
357 3305 562 3366 annotantur
580 3305 615 3363 et
634 3297 816 3381 dequibus
836 3306 1076 3362 summonetur.
1122 3297 1210 3364 Item

105 3403 277 3470 residente
299 3401 495 3467 vicecomite
516 3402 560 3467 ad
582 3411 786 3486 compotum,
808 3401 1009 3485 computatis
1033 3407 1067 3466 et
1088 3401 1211 3484 scripto

104 3507 281 3592 deputatis
299 3506 448 3589 hiisque
468 3504 649 3572 constituta
669 3513 747 3571 sunt
765 3505 801 3568 in
820 3505 991 3587 comitatu,
1003 3503 1105 3570 breue
1121 3526 1211 3572 sum·
1224 3537 1258 3590 ³0

106 3611 312 3690 monitionis,
327 3609 380 3675 cui
397 3609 485 3694 regis
499 3608 644 3694 sigillum
661 3628 846 3695 appensum
861 3617 922 3687 est,
937 3607 1074 3692 suscipit
1088 3629 1109 3675 a
1123 3608 1212 3674 vice·

106 3713 234 3780 comite
262 3723 298 3779 et
326 3714 371 3779 de
406 3713 470 3778 hiis
498 3712 618 3778 debitis
646 3731 713 3796 que
750 3713 815 3779 illic
849 3712 973 3795 scripta
1008 3721 1087 3778 emit
1115 3721 1211 3798 urget

104 3817 336 3883 vicecomitem
352 3817 574 3900 pronuncians
589 3816 622 3880 in
643 3814 812 3899 publicum
827 3825 861 3881 et
878 3815 1002 3894 dicens,
1015 3815 1155 3882 ‘Redde
1167 3817 1212 3880 de

105 3920 175 3986 hoc
190 3928 324 3986 tantum
340 3920 432 3986 etde
447 3919 504 3984 illo
519 3915 671 3985 tantum!
716 3918 841 3984 Debita
857 3938 936 3984 vero
954 3938 1022 4001 que
1038 3917 1212 3984 soluuntur
1239 3981 1241 3987 .

106 4021 144 4088 in
174 4023 343 4106 integrum
368 4029 403 4087 et
423 4022 468 4086 de
489 4021 609 4105 quibus
630 4020 759 4100 satisfit,
780 4021 939 4086 cancellet
961 4021 1050 4087 idem
1076 4021 1211 4087 clericus
1223 4051 1255 4104 35

105 4125 199 4192 linea
212 4127 315 4191 ducta
329 4143 389 4208 per
404 4124 608 4208 medium,vt
623 4125 666 4192 sit
681 4124 851 4191 distinctio
862 4145 922 4209 per
932 4123 997 4190 hoc
1011 4124 1115 4191 etiam
1127 4125 1211 4188 inter

147 4273 307 4356 raofiuntC
360 4275 537 4358 1¹7etom.R
591 4287 679 4344 19-20
690 4284 820 4346 prop.est
831 4289 885 4328 om.
896 4273 934 4326 N
936 4275 992 4358 per
1003 4271 1055 4328 Iac.
1103 4283 1138 4325 ao
1156 4268 1209 4326 sibi

105 4347 224 4404 interm
235 4345 295 4402 NR
349 4345 481 4402 diseretro
492 4345 528 4402 N
532 4359 541 4402 r
560 4344 715 4404 decretoR
767 4359 804 4417 30
817 4341 884 4417 que]
897 4343 991 4415 qurN
1040 4339 1117 4412 sunt]
1130 4340 1212 4400 estc
