3096 4832
336 291 399 358 126
704 287 771 354 us
795 285 1073 355 scsccnnro
1249 378 1253 386 1
1302 285 1348 372 [11
1362 286 1437 351 ivs

333 461 523 538 constitute,
548 459 576 526 si
602 435 690 526 terre
711 460 800 538 date,
822 458 877 524 sic*
890 480 927 526 se
947 459 1075 527 habent
1095 458 1161 525 hoc
1182 478 1272 525 auno
1294 459 1380 524 sicut
1404 459 1438 524 iu

333 561 537 652 preterito?’
581 562 684 648 Quod
706 563 734 627 si
754 561 905 629 similiter
924 583 960 628 se
976 562 1100 629 bebere
1120 562 1334 647 responderit,
1355 573 1438 627 tunc

333 667 473 752 scriptor
495 667 689 734 thesaurarii
709 667 905 750 preteritum
922 665 1076 732 amntem
1099 663 1244 731 rotulum
1262 665 1438 750 diligenter

334 770 368 835 in
404 770 467 836 hiis
496 769 684 837 constitutis
713 769 894 836 scribendis
928 777 1095 853 sequatur,
1127 779 1307 836 contuente
1338 769 1437 833 simul

305 903 320 956 3
334 873 547 956 thesaurario,
558 880 619 939 ‘ne
632 873 717 939 forte
729 893 846 940 manus
859 872 1024 958 scriptoris
1039 874 1170 940 aberret
1179 871 1200 951 '3
1219 880 1255 938 et
1262 874 1341 958 quia
1355 875 1437 938 satis

334 978 368 1044 in
382 978 482 1044 titulo
497 979 541 1044 de
555 977 663 1043 officio
682 978 852 1061 scriptoris
870 977 1065 1044 thesaurarii
1080 980 1124 1044 de
1141 979 1257 1044 ordine
1275 977 1438 1061 scripture

334 1082 464 1148 dixisse
479 1102 534 1147 me
548 1079 692 1162 memini,
708 1081 772 1146 biis
785 1082 829 1146 ad
842 1101 979 1165 presens
993 1085 1205 1168 supersedeo.

377 1185 576 1270 Discr'pulus.
622 1185 688 1251 Die
706 1203 795 1270 ergo,
809 1185 837 1250 si
858 1186 975 1270 placet.
995 1186 1039 1253 de
1053 1187 1118 1252 biis
1135 1208 1202 1271 que
1220 1186 1288 1254 iam
1307 1187 1438 1252 dudum

334 1309 439 1374 vsque
466 1290 510 1356 ad
537 1289 668 1374 agenda
695 1289 899 1354 vicecomitis
927 1289 1096 1370 distulisti,
1125 1292 1208 1376 quid
1234 1291 1361 1358 scilicet
1391 1291 1436 1354 sit

290 1419 323 1458 ro
335 1393 498 1476 quasdam
528 1404 634 1460 terras
663 1413 684 1458 a
713 1413 791 1476 rege
820 1393 892 1460 dari
922 1393 1059 1462 blancas
1087 1396 1252 1478 quasdam
1284 1415 1437 1482 numero.

337 1497 416 1564 Hoc
431 1499 521 1564 enirn
537 1517 593 1563 me
609 1496 803 1563 sollicitauit
816 1499 860 1563 ab
876 1497 981 1565 initio.
1304 1489 1307 1496 ’

378 1599 556 1684 Megisten
600 1599 699 1680 Satis,
714 1609 751 1666 vt
765 1601 876 1681 credo,
890 1600 952 1667 tibi
967 1609 1097 1668 constat
1118 1623 1164 1667 ex
1179 1601 1335 1686 predictis
1353 1601 1436 1684 quid

335 1703 380 1770 sit
394 1707 557 1790 quasdam
572 1701 684 1770 firmas
698 1705 783 1772 solui
802 1706 938 1772 blancae
951 1707 1115 1789 quasdam
1131 1726 1279 1772 numero.
1323 1705 1441 1770 Firma

335 1811 470 1894 quidem
486 1807 606 1875 blanca
620 1808 761 1875 soluitur
774 1828 851 1875 cum
865 1810 947 1894 ipsa,
962 1807 1051 1878 iacto
1071 1809 1235 1889 examine,
1250 1809 1438 1876 dealbamur.

292 1909 423 2020 ¹v⁵Quis
448 1914 581 1998 insuper
609 1913 708 1980 suerit
728 1913 825 1980 huius
854 1913 1071 1981 institutionis
1096 1925 1213 1980 auctor
1234 1923 1270 1980 et
1297 1933 1364 1997 que
1386 1915 1438 1978 in-

336 2017 497 2084 stituendi
522 2018 609 2084 ratio
625 2017 705 2084 satis
725 2017 889 2085 innotuit:
913 2037 1014 2104 porro
1036 2017 1167 2084 firmam
1187 2037 1325 2084 numero
1350 2017 1437 2082 solui

335 2120 485 2187 diximus
499 2141 576 2188 cum
594 2131 728 2188 tantum
748 2123 954 2190 numerando
973 2143 1041 2190 non
1060 2123 1287 2192 examinando
1304 2124 1349 2188 de
1363 2123 1439 2206 ipss

335 2223 464 2290 satisfit
510 2222 596 2290 Cum
621 2245 701 2306 ergo
724 2247 785 2292 rex
807 2225 948 2294 fundum
970 2225 1112 2310 aliquem
1134 2225 1233 2292 alicui
1258 2226 1439 2294 contulerit

335 2328 434 2393 simul
455 2347 532 2394 cunr
554 2327 736 2409 hundredo,
757 2329 810 2396 vel
835 2327 964 2412 placitis
984 2351 1052 2414 que
1073 2351 1121 2396 erc
1140 2331 1204 2398 hoc
1227 2331 1438 2414 proueniunt,

292 2455 324 2496 ro
336 2432 451 2498 dicunt
463 2429 603 2497 fundum
619 2430 712 2500 illum
728 2431 775 2498 illi
791 2431 947 2499 blancum
958 2431 1136 2512 collatum3
1156 2443 1195 2500 at
1208 2454 1297 2514 cum,
1306 2444 1439 2500 retento

335 2537 399 2603 sibi
420 2536 604 2617 hundredo,
621 2555 681 2620 per
697 2537 788 2620 quod
809 2537 907 2603 firma
923 2538 1071 2604 dealbari
1091 2539 1221 2615 dicitur,
1242 2539 1440 2622 simpliciter

335 2641 473 2709 fundum
504 2641 633 2708 dederit
661 2661 729 2708 non
757 2643 990 2724 determinans,
1019 2645 1115 2709 ‘curn
1151 2639 1347 2709 hundredo’
1383 2643 1438 2707 vel

335 2741 533 2824 ‘blancum’
555 2765 695 2812 numero
713 2748 814 2812 datus
839 2747 970 2814 dicitur.
1026 2747 1171 2832 Oportet
1193 2756 1309 2812 autern
1332 2755 1371 2812 vt
1393 2749 1439 2811 de

336 2846 441 2916 fundo
455 2849 577 2916 collato
591 2849 695 2916 breue
705 2851 803 2933 regis,
819 2851 871 2917 vel
886 2860 1012 2918 cartam
1024 2851 1104 2927 eius,
1120 2851 1155 2916 in
1169 2852 1312 2918 termino
1330 2851 1440 2916 sancti

291 2973 322 3026 rs
337 2953 510 3020 Michaelis
538 2952 576 3030 is,
603 2953 656 3018 cui
686 2953 825 3020 collatus
847 2963 908 3034 est,
933 2956 977 3020 ad
1006 2955 1206 3022 scaccarium
1237 2951 1376 3030 deierat,
1399 2965 1439 3018 vt

334 3057 522 3123 vicecomiti
534 3067 765 3142 computetur;
779 3057 972 3143 alioquinin
986 3079 1109 3144 magno
1124 3059 1236 3125 anuali
1248 3057 1357 3124 rotulo
1368 3077 1438 3122 non

335 3163 496 3226 scribetur
517 3181 580 3227 nec
611 3162 797 3228 vicecomiti
819 3163 1078 3246 computabitur.
1122 3161 1295 3230 Scribetur
1323 3172 1438 3228 autern

336 3259 392 3336 sic,
416 3270 493 3344 post
517 3261 714 3346 elemosinas
739 3271 774 3326 et
803 3263 949 3328 decimas
974 3271 1010 3328 et
1031 3263 1242 3328 liberationes
1266 3262 1441 3346 vtriusque

336 3363 467 3448 generis
476 3365 682 3444 constitutas,
691 3365 725 3430 in
740 3366 851 3450 capite
865 3366 950 3432 linee
964 3365 1024 3430 ‘ln
1039 3366 1135 3432 terris
1149 3367 1238 3433 datis
1252 3366 1299 3431 illi
1316 3366 1358 3432 N.
1374 3387 1439 3430 xx.

291 3466 437 3539 selibras
452 3466 497 3532 bl.
515 3467 560 3532 ibi
571 3475 607 3532 et
617 3467 665 3532 illi
677 3467 722 3532 N.
732 3489 793 3533 xx.
805 3468 904 3535 libras
919 3489 1058 3535 numero
1069 3467 1133 3534 ibi'
1173 3469 1437 3536 Aduerteetiarn

336 3570 467 3654 quodsi
481 3570 566 3636 forte
581 3569 667 3636 inter
675 3579 779 3637 terras
793 3572 891 3639 datas
900 3573 1064 3638 inueneris
1079 3571 1144 3638 ‘illi
1161 3573 1216 3640 vel
1230 3573 1277 3638 illi
1289 3595 1324 3638 x.
1335 3573 1440 3639 libres

336 3670 392 3740 bi'
407 3673 462 3738 vel
476 3681 637 3738 ‘numero
655 3673 756 3740 ibide
774 3677 914 3759 prestito
934 3677 1040 3763 regis‚'
1056 3697 1132 3744 curn
1153 3677 1191 3753 is,
1209 3679 1267 3762 qui
1287 3697 1439 3744 commo-

336 3776 407 3844 dati
421 3776 474 3843 vel
490 3777 618 3860 prestiti
627 3777 789 3844 beneficio
798 3781 933 3864 gauisus
947 3789 1008 3865 est,
1017 3781 1076 3848 lati
1087 3783 1203 3872 debita
1212 3781 1362 3860 soluerit,
1372 3781 1439 3846 uisi

335 3902 396 3968 per
410 3881 552 3966 gratiam
573 3881 667 3966 regis,
683 3901 751 3949 non
770 3883 876 3963 vxori‚
891 3903 959 3949 non
979 3885 1090 3952 liberis
1104 3905 1171 3951 non
1190 3884 1289 3952 alicui
1304 3885 1439 3950 nomine

370 4017 609 4088 scontinenteN
709 4019 1017 4078 6thesaumriimR
1115 4019 1271 4092 ymemirn]
1284 4019 1393 4078 initium
1406 4022 1443 4076 Ν

336 4090 353 4146 8
366 4088 705 4161 postpueetaddetn'
753 4090 964 4148 debiisom.R
1029 4092 1183 4167 9quodN
1247 4106 1280 4163 19
1310 4092 1441 4149 laeitoN

337 4173 374 4214 so
391 4159 598 4216 collocetumC
672 4175 707 4229 ²4
719 4161 964 4232 posrnndoadd
978 4163 1072 4220 sibiR
1149 4163 1253 4220 coilota
1365 4173 1399 4234 ις
1413 4162 1438 4216 is

336 4245 389 4285 om.
401 4231 461 4285 NR
513 4231 547 4286 28
553 4233 622 4300 post
631 4229 810 4290 liberationes
822 4233 887 4290 add.
900 4231 929 4288 in
941 4235 969 4290 R
1021 4247 1058 4304 30
1067 4251 1185 4292 numero
1196 4233 1320 4292 libresC
1375 4234 1439 4290 nd-

335 4299 416 4356 'verse
428 4302 455 4356 R
536 4313 571 4370 32
591 4298 630 4356 ibi
641 4318 693 4357 ons.
704 4301 742 4358 Ν
