3096 4832
103 325 234 418 ivan]
458 327 525 396 os
548 323 823 399 scAccAmo
1148 343 1190 416 97

102 499 233 566 Heorici
254 500 348 586 primi
378 499 600 568 thesaurarius
625 508 660 568 et
682 520 786 586 nepos
816 499 1072 568 Saresberiensis
1096 501 1190 567 cuius

101 623 193 689 supra
215 605 435 686 meminimus,
449 603 744 690 incomparabilem
765 605 833 670 suis
853 604 1061 689 temporibus
1075 604 1192 672 habuit

100 709 245 776 scaccarii
259 709 442 776 scientiam.
484 709 657 775 Maximus
668 708 768 774 etiam
783 708 930 775 existens
940 709 973 774 in
987 709 1051 774 hiis
1066 729 1131 794 que
1145 708 1190 774 ad

100 814 145 877 sui
172 823 278 880 stante
307 813 507 900 dignitatem
535 811 756 898 pertinebant,
781 811 945 878 celebrem
972 813 1022 879 sui
1048 813 1192 879 nominis

100 915 217 982 lamam
235 915 322 994 iecit,
336 917 422 983 adeo
439 925 477 982 vt
498 937 586 1002 pene
605 916 696 983 solus
713 916 747 981 in
764 936 868 1002 regno
889 916 937 982 sic
953 915 1075 983 vixerit
1094 926 1128 982 et
1145 889 1230 993 sich

100 1021 268 1086 decesserit
296 1031 334 1087 vt
361 1020 502 1106 gloriam
530 1021 600 1086 eius
635 1021 748 1087 inuida
780 1020 895 1105 lingua
923 1019 1096 1104 denigrare
1125 1041 1192 1086 non

99 1125 223 1191 audeat
268 1125 335 1191 Hic
357 1125 469 1203 etiam,
483 1123 528 1188 ab
549 1124 668 1190 illustri
690 1143 769 1207 rege
791 1123 942 1190 Henrico
961 1124 1106 1190 secundo
1129 1122 1192 1188 ire·

100 1236 230 1310 quenter
247 1237 396 1314 rogatus,
411 1227 565 1294 scaccarii
584 1227 758 1294 scientiam
777 1227 969 1294 continuata
988 1247 1048 1311 per
1068 1226 1192 1294 multos

99 1349 197 1398 annos
211 1331 331 1398 bellica
345 1340 547 1416 tempestate
560 1351 646 1416 pene
660 1351 795 1416 prorsus
813 1330 974 1397 abolitam
991 1329 1193 1411 reformauit,

100 1444 129 1498 et
156 1436 259 1501 totius
289 1435 520 1520 descriptionis
548 1435 618 1500 eius
650 1435 790 1500 sormam
821 1434 914 1501 velut
941 1435 1028 1500 alter
1059 1435 1238 1513 Esdras,10

98 1539 290 1606 bibliothece
305 1538 443 1606 sedulus
460 1547 637 1625 reparator,
653 1539 835 1606 renouauit
881 1538 1031 1604 Credidit
1049 1558 1129 1604 sane
1142 1539 1194 1605 vir

98 1644 236 1724 prudens
260 1644 367 1710 satius
389 1663 462 1709 esse
484 1643 681 1709 constitutas
707 1642 751 1708 ab
771 1642 917 1728 antiquis
939 1642 1033 1727 leges
1051 1644 1193 1726 posteris

98 1745 295 1813 innotescere
323 1767 425 1832 quam
450 1767 511 1814 sua
535 1746 761 1813 taciturnitate
789 1756 826 1812 vt
853 1766 940 1812 noue
963 1747 1193 1824 conderentur,

99 1847 229 1917 efficere.
275 1851 347 1916 Vix
368 1850 457 1918 enim
481 1850 686 1916 modernitas
708 1850 743 1915 in
764 1858 885 1935 questu
902 1851 1041 1937 pecunie
1062 1851 1191 1917 mitiora

100 1953 255 2036 prioribus
276 1955 349 2020 iura
374 1953 524 2022 dictauit.
567 1951 628 2020 Ab
653 1954 720 2019 boc
749 1953 847 2040 igitur
868 1974 968 2038 super
992 1954 1057 2020 hoc
1078 1955 1190 2021 huius·
1209 1969 1238 2022 ¹⁵

100 2058 183 2124 modi
199 2079 396 2145 responsum
406 2057 531 2144 accepi.
575 2059 719 2139 ‘Frater,
730 2059 787 2143 qui
798 2077 893 2124 aures
904 2059 1060 2125 audiendi
1073 2061 1193 2126 auidas

100 2159 194 2229 habet
204 2161 303 2229 facile
314 2163 512 2229 detractoris
525 2161 673 2247 linguam
689 2162 843 2228 inueniet.
885 2163 998 2229 Etiam
1010 2165 1039 2229 is
1052 2165 1111 2247 qui
1122 2184 1191 2230 non

99 2261 202 2346 habet,
226 2285 296 2331 non
326 2263 424 2331 iacile
447 2268 589 2333 eandem
615 2264 760 2352 effugiet
824 2266 976 2333 Accessit
1004 2269 1117 2352 itaque
1146 2269 1190 2334 ad

101 2385 203 2452 regem
219 2369 401 2436 Henricum
414 2369 557 2454 primum
572 2369 622 2434 vir
636 2368 758 2453 aliquis
768 2370 893 2436 babens
908 2370 1005 2438 sibila
1020 2373 1193 2457 serpentis,

100 2472 206 2540 dicens
227 2475 267 2552 ei,
292 2478 309 2510 ‘⁴
322 2473 470 2540 Barones
494 2474 595 2540 vestri
618 2475 676 2557 qui
695 2474 740 2539 ad
763 2475 963 2541 scaccarium
989 2477 1134 2542 resident
1156 2485 1194 2541 vt
1208 2498 1239 2534 ιο

101 2577 173 2656 quid
202 2597 269 2662 que
299 2578 343 2643 de
371 2577 467 2644 terris
497 2599 612 2644 eorum
643 2588 837 2662 exsurgunt,
858 2599 928 2644 non
949 2577 1094 2659 soluunt,
1116 2599 1194 2645 cum

100 2680 227 2760 quidam
244 2681 444 2748 constitutas
460 2681 607 2748 habeant
624 2683 668 2748 ad
686 2683 884 2748 scaccarium
904 2681 1115 2747 liberationes
1132 2702 1194 2766 pro

100 2786 238 2851 sessione
252 2791 340 2851 sua?
370 2783 518 2868 Quidam
533 2787 634 2851 etiam
652 2805 714 2870 pro
728 2785 837 2852 officio
856 2805 917 2852 suo
933 2785 1051 2851 fundos
1066 2787 1194 2854 habent

101 2895 130 2952 et
143 2887 265 2956 fructus
276 2909 403 2956 eorum.
448 2889 539 2956 Hinc
554 2910 634 2974 ergo
650 2890 762 2974 grauis
777 2891 905 2956 iactura
914 2888 996 2956 fisco
1007 2888 1191 2976 prouenit.’¹

100 2989 179 3058 Cum
194 2994 295 3078 igitur
313 2993 369 3059 ille
386 2993 540 3079 principis
560 2993 823 3060 emolumentum
844 2992 992 3080 allegans
1006 2993 1193 3080 frequenter
1207 3013 1238 3066 ²⁵

100 3093 241 3180 instaret,
259 3107 407 3162 mentem
425 3096 496 3162 eius
516 3097 576 3162 vix
595 3099 734 3162 tandem
753 3097 892 3163 verbum
915 3098 1005 3166 istud
1027 3119 1069 3164 eo
1089 3121 1195 3184 vsque

100 3201 242 3280 possedit
262 3210 300 3266 vt
318 3199 431 3266 omnia
450 3201 633 3266 constituta
651 3201 695 3266 ab
717 3200 872 3268 omnibus
894 3201 980 3267 solui
1001 3203 1193 3288 preciperet,

100 3317 154 3366 nec
178 3299 305 3383 aliquid
332 3299 429 3365 alicui
452 3300 588 3376 dimitti,
611 3300 672 3365 nisi
695 3301 770 3384 quis
792 3320 892 3385 super
914 3300 978 3370 hoc
1000 3323 1195 3388 expressum

100 3401 163 3468 eius
183 3403 385 3489 optinuisset
414 3404 633 3483 mandatum
669 3401 860 3490 factumque
889 3413 941 3471 est
970 3406 1028 3473 ita
1073 3406 1193 3473 Succe-
1208 3416 1235 3468 Η

100 3504 193 3573 dente
225 3527 305 3573 vero
333 3517 495 3591 tempore,
517 3527 595 3572 cum
628 3509 857 3574 recordaretur
885 3509 1054 3596 princeps:
1068 3510 1194 3577 consilii
1208 3527 1240 3579 ³0

100 3607 324 3697 Architophel,
352 3612 497 3696 penituit
526 3632 604 3677 eum
636 3611 851 3695 acquieuisse.
896 3612 1054 3680 Decreuit
1080 3623 1194 3681 autem

100 3715 246 3781 omnibus
262 3714 329 3780 illic
351 3715 610 3782 ministrantibus
633 3716 746 3780 omnia
767 3715 916 3799 predicta
937 3719 1132 3804 computari,
1149 3719 1196 3784 nil

100 3817 216 3884 ducens
233 3819 395 3884 iacturam
417 3819 538 3885 modici
556 3818 620 3884 eris
635 3827 787 3902 respectu
803 3821 916 3902 magni
935 3821 1081 3888 honoris.
1126 3823 1194 3888 De·

100 3919 231 3988 stinauit
246 3923 359 4005 itaque
373 3922 476 3988 breue
489 3941 586 3987 suum
602 3922 646 3989 ad
661 3922 861 3989 scaccarium
876 3932 914 3988 vt
931 3925 1114 3991 assidentes
1130 3925 1196 3992 illic

99 4023 138 4088 ab
150 4025 215 4090 hiis
229 4023 325 4091 liberi
339 4035 452 4092 essent
465 4025 535 4091 iure
549 4033 720 4111 perpetuo.
766 4025 824 4090 Ab
841 4026 906 4092 hoc
923 4026 1023 4111 igitur
1039 4027 1133 4093 breui
1150 4048 1195 4093 ex
1209 4043 1240 4093 ss

100 4135 173 4196 tunc
187 4137 222 4194 et
233 4129 336 4202 modo
347 4128 467 4196 dicitur
482 4129 545 4194 “in
560 4130 716 4213 perdonis
731 4148 791 4214 per
805 4129 908 4194 breue
919 4127 1033 4216 regis.'’
1071 4127 1196 4211 Sicque

130 4277 363 4352 setiam]eiusC
425 4279 634 4348 toeoebremC
689 4279 876 4352 dgratiarnR
938 4291 970 4348 17
983 4279 1201 4335 detractoresN

101 4347 238 4422 is]th
293 4365 330 4422 29
346 4349 510 4410 eiusmC
572 4365 609 4422 30
626 4351 705 4424 vero]
718 4349 852 4422 itaqueC
902 4363 938 4420 34
957 4345 1062 4420 itaque]
1077 4347 1200 4420 igiturC

139 4475 250 4508 auec.
639 4452 664 4507 0
