3086 4822
112 299 262 391 runc]
494 307 561 374 nn
585 305 882 380 scaccnnro.
916 363 919 371 .
1183 317 1243 399 67.

115 486 282 559 quantum
297 477 341 544 de
354 477 435 545 albo
451 477 546 545 firme
560 499 622 564 pro
638 479 777 565 singulis
792 481 883 550 libris
897 481 1025 550 soluere
1038 491 1223 552 teneantur.

117 578 187 646 Sed
202 579 268 647 hec
282 582 369 648 ratio
384 603 510 666 cogens
521 593 573 648 est
588 585 631 650 de
646 583 740 650 firme
753 586 919 652 solutione
930 607 996 652 non
1012 591 1054 656 de
1069 593 1223 657 scaccarii

114 684 275 750 mione.
321 684 478 769 [Videtur
487 697 599 754 autem
610 687 658 753 eis
666 688 804 756 obuiare
814 691 871 774 qui
880 691 996 758 dicunt
1005 692 1119 760 album
1130 695 1224 760 firme

114 807 137 852 a
150 789 361 872 temporibus
379 788 571 875 Anglorum
592 792 719 876 cepisse
741 794 831 876 quod
852 795 886 859 in
905 795 987 862 libro
1002 797 1171 863 iudiciario
1189 799 1223 862 in

114 913 186 976 quo
208 893 314 960 totius
339 895 434 979 regni
455 897 637 980 descriptio
659 897 803 981 diligens
824 901 1013 968 continetur
1033 913 1068 968 et
1088 911 1157 969 tam
1180 905 1251 984 de5

113 1008 272 1082 tempore
289 999 378 1084 regis
400 999 559 1066 Edwardi
581 1021 684 1085 quam
706 1002 750 1067 de
772 1011 924 1090 tempore
945 1005 1031 1090 regis
1053 1004 1222 1086 willelmi,

113 1101 180 1167 sub
191 1123 262 1185 quo
270 1101 379 1168 iactus
388 1111 450 1178 est,
461 1103 666 1188 singulorum
676 1104 854 1172 fundorum
865 1107 1014 1175 valencia
1025 1107 1223 1192 exprimitur

113 1201 210 1270 nulla
233 1225 371 1290 prorsus
396 1207 439 1271 de
461 1207 540 1273 albo
564 1207 657 1273 firme
681 1209 719 1274 lit
746 1211 880 1278 mentio.
924 1211 1023 1277 Vnde
1048 1212 1223 1295 probabile

112 1309 252 1374 videtur
267 1309 360 1391 quod
373 1311 463 1375 lacta
477 1309 534 1376 illa
553 1311 776 1397 descriptione
790 1324 943 1398 ternpore
956 1313 1022 1380 iam
1039 1315 1120 1381 dicti
1134 1318 1222 1401 regis

113 1414 160 1478 de
173 1411 256 1477 albo
274 1412 443 1479 firmarum
454 1414 553 1480 luerit
567 1416 755 1483 astudiosis
770 1417 842 1482 eius
853 1419 1074 1485 constitutum
1085 1429 1222 1504 propter
1234 1422 1268 1526 ξ

113 1537 328 1599 causasque
359 1515 493 1584 inferius
522 1515 751 1608 annotantur.]
798 1520 1019 1606 Quocumque
1039 1543 1118 1589 vero
1138 1531 1220 1587 tem·

115 1639 202 1704 pore
246 1620 371 1704 ceperit
405 1642 484 1688 vsus
521 1622 601 1702 eius,
641 1631 768 1689 certum
805 1634 855 1690 est
891 1625 986 1709 quod·
1024 1643 1220 1710 magnorum

113 1724 318 1790 auctoritate
337 1725 511 1790 roboratur
532 1727 618 1792 adeo
639 1737 677 1792 vt
696 1727 778 1792 nulli
798 1727 897 1796 liceat
918 1738 1046 1796 statuta
1068 1729 1220 1797 scaccarii

114 1827 294 1913 infringere
307 1828 360 1894 vel
380 1829 428 1894 eis
441 1829 559 1914 quauis
578 1832 769 1897 temeritate
787 1831 947 1898 resistere.
994 1831 1109 1898 Habet
1131 1833 1219 1898 enim

115 1932 186 1998 hoc
208 1952 387 1998 commune
409 1952 485 1998 cum
515 1934 588 2018 ipsa
610 1935 739 2000 domini
767 1935 853 2018 regis
886 1935 974 2001 curia
995 1935 1030 2001 in
1056 1955 1123 2019 qua
1148 1937 1219 2021 ipse
1235 1967 1264 2024 ¹5

114 2037 153 2102 in
182 2037 315 2119 propria
346 2055 489 2121 persona
513 2035 585 2102 iura
614 2038 768 2104 discernit
797 2039 889 2122 quod
914 2059 976 2104 uec
1000 2040 1219 2107 recordationi

113 2159 183 2205 nec
211 2140 374 2206 sententie
399 2140 433 2204 in
462 2159 504 2205 eo
533 2141 602 2207 late
626 2140 704 2206 licet
732 2140 830 2207 alicui
851 2143 1084 2211 contradicere.
1128 2143 1219 2211 Huic

112 2251 233 2308 autem
253 2241 339 2309 curie
359 2251 429 2308 tam
447 2243 581 2328 insignis
599 2245 777 2310 auctoritas
798 2253 849 2310 est
867 2265 943 2310 cum
967 2258 1104 2332 propter
1129 2250 1218 2332 regie

112 2345 287 2432 ymaginis
318 2345 550 2413 excellentiam
584 2367 650 2431 que
684 2348 719 2428 in
748 2347 856 2432 sigillo
892 2348 962 2416 eius
994 2350 1032 2415 in
1063 2352 1219 2418 rbesauro

111 2449 290 2516 indiuidua
311 2449 384 2534 lege
409 2460 561 2518 seruatur
585 2461 658 2517 turn
682 2462 818 2536 propter
847 2453 984 2537 eosqui
1009 2455 1156 2521 assident
1181 2467 1264 2527 vtro

113 2553 247 2621 dictum
268 2563 320 2620 est
342 2575 484 2638 quorum
507 2555 655 2622 sollertia
676 2565 768 2622 totus
790 2557 883 2642 regni
905 2565 1010 2622 status
1030 2558 1218 2643 indempnis

112 2668 279 2726 sensatur.
323 2658 397 2724 Illic
418 2659 507 2726 enim
530 2661 651 2727 residet
670 2660 819 2744 capitalis
838 2661 965 2726 domini
983 2662 1066 2744 regis
1083 2660 1218 2745 iustitia,

112 2761 245 2848 primus
259 2773 337 2848 post
357 2783 468 2849 regem
487 2763 520 2829 in
536 2784 639 2848 regno
660 2764 788 2830 ratione
802 2764 874 2846 fori,
890 2773 923 2830 et
942 2765 1082 2830 maiores
1097 2765 1220 2850 quique

112 2867 164 2932 de
182 2886 287 2952 regno
311 2867 367 2952 qui
390 2866 583 2933 familiarius
606 2868 703 2951 regiis
727 2869 861 2934 secretis
886 2869 1045 2934 assistunt
1064 2880 1102 2934 vt
1126 2871 1219 2954 quod

111 2970 217 3036 luerit
234 2971 297 3036 sub
314 2980 484 3038 tantorum
503 2971 669 3056 presentia
691 2972 911 3038 constitutum
932 2972 985 3037 vel
1005 2973 1217 3040 terminatum
1232 3007 1263 3060 ²⁵

113 3073 302 3139 inuiolabili
318 3075 387 3140 iure
402 3075 573 3142 subsistat.
610 3074 737 3140 Verum
749 3075 884 3160 quidam
896 3095 941 3141 ex
953 3075 1070 3158 officio,
1081 3078 1218 3160 quidam

113 3198 165 3244 ex
178 3178 252 3243 sola
267 3179 411 3244 iussione
425 3178 582 3262 principis
596 3179 751 3246 resident
798 3178 855 3245 Ex
874 3177 984 3246 officio
998 3181 1218 3267 principaliter

112 3281 250 3361 residet,
264 3281 368 3348 immo
383 3291 417 3350 et
438 3283 594 3366 presidet,
610 3283 736 3366 primus
753 3283 787 3348 in
802 3303 914 3368 regno,
928 3284 1076 3368 capitalis
1093 3287 1218 3354 scilicet

113 3386 251 3452 iustitia
296 3385 385 3451 Huic
410 3394 523 3452 autern
549 3387 697 3454 assident
726 3407 772 3452 ex
794 3386 867 3452 sola
898 3387 1040 3454 iussione
1061 3390 1217 3477 principis

113 3499 350 3556 momentanea
358 3489 483 3556 scilicet
491 3499 526 3556 et
538 3489 652 3555 mobili
662 3491 1000 3575 auctoritatequidam
1010 3493 1066 3578 qui
1078 3494 1217 3559 maiores
1231 3508 1264 3560 30

113 3603 152 3660 et
176 3593 384 3659 discretiores
409 3593 564 3659 videntur
588 3595 622 3657 in
652 3614 755 3677 regno
780 3595 851 3661 siue
876 3595 921 3660 de
944 3595 1032 3662 clero
1056 3597 1123 3663 sint
1146 3597 1252 3664 siuec

113 3697 160 3762 de
181 3697 283 3763 cruia.
319 3696 482 3762 Assident
500 3697 634 3781 inquam
656 3698 700 3770 ad
721 3697 937 3765 discernenda
959 3699 1031 3765 iura
1054 3709 1087 3765 et
1116 3700 1217 3766 dubia

113 3801 370 3866 determinanda
391 3821 457 3885 que
478 3800 666 3884 frequenter
683 3819 728 3865 ex
750 3801 968 3869 incidentibus
990 3804 1217 3886 questionibus

114 3904 279 3970 oriuntur.
324 3904 404 3969 Non
434 3903 523 3970 enim
554 3904 588 3969 in
618 3905 797 3974 ratiociniis
826 3906 885 3972 sed
914 3905 950 3971 in
979 3906 1218 3991 multiplicibus

113 4007 248 4074 iudiciis
269 4005 437 4072 excellens
457 4007 612 4074 scaccarii
634 4009 773 4075 scientia
795 4009 975 4075 consistit.»
1000 4009 1110 4076 Facile
1128 4011 1215 4076 enim
1230 4039 1261 4091 35

152 4124 623 4210 5-11regni...annutanturN³
702 4125 1024 4198 6detemporeom.N
1106 4142 1140 4195 14
1156 4127 1216 4183 eius

114 4195 249 4269 annisC
308 4209 340 4264 17
354 4195 554 4268 ineo]eiusR
612 4197 678 4254 licet
691 4198 854 4255 etalicuiR
916 4200 949 4254 18
967 4198 1003 4255 de
1015 4199 1147 4255 thesauro
1158 4198 1217 4251 NR

114 4283 149 4324 αι
170 4265 481 4338 indempnisstatusN
547 4268 584 4324 26
601 4268 867 4342 exofficioquidam
878 4285 931 4324 om.
944 4269 972 4323 R
1048 4281 1080 4337 31
1095 4266 1220 4338 regioN

114 4351 150 4410 ³⁵
172 4335 488 4410 consistit1c0nsulitR
